4623 5882
376 577 498 647 que
549 530 833 645 componi
880 556 1349 626 arbitrabantur.
1430 554 1649 646 Neque
1702 576 1815 625 eos
1870 565 2024 646 ‘spes
2072 556 2333 637 fefellit,
2380 555 2496 624 sed
2545 557 2799 644 contigit
2843 557 3111 639 Cimoni,
3161 573 3484 652 postquam
3524 563 3944 639 Lacedaemo-

371 694 513 742 nem
563 674 907 754 contendit,
959 686 1024 744 ut
1070 673 1586 764 quinquennalem
1635 692 1848 762 pacem
1904 673 2269 742 conciliaret
2299 672 2458 762 ²⁷⁰);
2528 672 2756 741 factum
2801 673 2865 741 id
2939 689 3035 745 est
3084 679 3140 744 si
3188 676 3581 766 Kruegerum
3633 690 3937 774 sequeris,

372 787 796 871 ot.‚Lxxx‚
867 792 948 871 3,
1001 792 1059 858 si
1110 788 1301 875 (1.,0.
1348 788 1723 859 Muellerum
1773 787 2073 869 LXXXI,
2126 791 2209 871 4,
2281 793 2340 858 si
2393 810 2492 857 me
2542 789 2721 858 audis
2772 789 2876 860 ol.
2898 790 3229 873 LXXXII,
3288 797 3348 864 l.
3447 797 3746 868 Similiter
3796 802 3940 870 Cal-

370 905 497 974 lias
530 904 653 996 ²⁷¹)
705 904 1334 977 Lacedaemoniorum
1381 926 1693 997 proxenus
1730 919 1825 974 ter
1868 904 2343 978 Lacedaemona
2393 906 2474 973 ab
2513 906 2991 978 Atheniensibus
3041 910 3288 998 legatus
3338 917 3533 984 misus
3586 929 3682 985 est
3731 923 3949 1007 »περὶ

372 1022 674 1108 πολέμου
718 1022 1183 1100 autumem&
1216 1046 1269 1093 s.
1320 1022 1399 1092 de
1445 1021 1872 1112 componenda
1912 1042 2088 1113 pace.
2190 1022 2546 1093 Alexander
2567 1022 2978 1094 Macedoniae
2997 1079 3012 1104 ,
3064 1027 3232 1115 quod
3275 1020 3732 1102 Atheniensium
3775 1047 3947 1105 esset

375 1140 725 1229 πρόξενος,
765 1162 806 1208 a
854 1139 1184 1231 Mardonio
1202 1139 1325 1228 ²⁷²)
1375 1139 1661 1209 Athenas
1689 1139 1937 1228 legatus
1984 1143 2215 1210 missus
2270 1151 2383 1220 est,
2434 1150 2499 1207 ut
2552 1141 2674 1230 ipsi
2703 1140 3108 1211 Athenienses
3167 1145 3547 1217 conciliaret.
3617 1149 3945 1221 Plataeen-

377 1280 487 1328 ses
554 1280 688 1328 cum
757 1260 916 1326 iram
978 1256 1607 1340 Lacedaemoniorum
1674 1258 2187 1347 deprecarentur,
2271 1255 2582 1325 Laconem
2633 1250 2965 1327 Aeimnesti
3015 1259 3344 1348 πρόξενον
3388 1258 3557 1329 ὄντα
3605 1268 3943 1335 Λακεδαι-

381 1378 635 1459 μονίων
667 1395 936 1466 caussae
979 1396 1132 1467 suae
1169 1386 1491 1465 patronum
1550 1395 1695 1443 esse
1732 1378 2068 1445 ,iusserunt
2102 1370 2252 1466 ²⁷³).
2349 1374 2721 1460 Argivorum
2744 1372 2867 1459 ²⁷⁴)
2920 1374 3024 1443 uhi
3066 1380 3171 1446 res
3221 1382 3344 1446 iam
3402 1401 3479 1449 eo
3522 1395 3657 1451 erat
3688 1383 3955 1456 deducta

378 1504 446 1560 ιιι
489 1494 685 1569 armis
717 1493 1030 1560 videretur
1068 1512 1215 1560 esse
1277 1511 1416 1560 cum
1443 1490 1953 1559 Lacedaemoniis
1996 1488 2465 1560 conflictandum
2515 1500 2573 1557 et
2613 1492 2734 1556 iam
2783 1492 3081 1558 instructa
3114 1506 3282 1562 esset
3328 1508 3722 1588 utrorumque
3759 1506 3950 1583 acies,

381 1608 720 1698 Alciphron
787 1600 1418 1677 Lacedaemoniorum
1495 1627 1802 1696 proxenus
1878 1628 2019 1676 cnm
2106 1606 2264 1674 duce
2334 1604 2676 1691 Thrasyllo
2749 1606 3009 1693 Agidem
3086 1609 3238 1676 adiit
3339 1624 3396 1680 et
3479 1636 3561 1684 ne
3649 1618 3953 1708 proelium

385 1698 781 1795 committeret
843 1727 1108 1812 rogavit.
1208 1720 1683 1791 Lacedaemonii
1719 1716 1857 1815 ²⁷⁵)
1922 1732 2061 1791 cum
2130 1708 2369 1812 animm
2443 1722 2524 1789 ab
2615 1720 2930 1809 Byzantiis
3002 1726 3329 1812 impetrare
3387 1732 3652 1811 vellent,
3737 1734 3953 1803 Clear-

387 1842 563 1910 chum
622 1862 699 1909 eo
756 1844 1056 1913 miserunt
1114 1839 1443 1927 πρόξενον
1511 1834 1679 1905 ὄντα
1740 1837 2146 1915 Βυζαντίων.
2248 1842 2258 1857 ’
2299 1837 2673 1926 Polydamas
2692 1833 2826 1932 ²⁷⁶)
2897 1839 3258 1910 Pharsalius
3327 1844 3958 1919 Lacedaemoniorum

384 1978 694 2049 proxenus
741 1958 954 2025 auxilii
986 1956 1328 2026 Pharsaliis
1361 1969 1577 2025 contra
1600 1955 1885 2026 Iasonem
1930 1955 2175 2046 petendi
2222 1957 2426 2043 gratia
2467 1952 2938 2024 Lacedaemona
2989 1958 3235 2045 legatus
3273 1967 3455 2030 venit.
3542 1964 3801 2045 Graeci,
3855 1971 3961 2056 qui

387 2075 505 2142 sub
563 2073 969 2164 Xenophonte
1040 2076 1106 2141 in
1181 2074 1337 2141 Asia
1414 2073 1783 2153 militabant,
1851 2094 1986 2142 cum
2054 2084 2267 2143 essent
2334 2070 2414 2139 ad
2483 2072 2638 2140 fines
2712 2073 3234 2160 Mosynoecorum
3307 2081 3602 2185 profecti,
3690 2081 3962 2152 Timesi-

385 2191 591 2259 theum
616 2188 739 2280 ²⁷⁷)
772 2190 1249 2281 Trapezuntium
1302 2190 1632 2278 πρόξενον
1694 2187 1863 2258 ὄντα
1936 2212 2076 2255 των
2123 2191 2575 2256 Μοσυνοίκων
2639 2189 2722 2256 ad
2771 2189 2885 2259 hos
2956 2189 3227 2278 legatum
3279 2197 3591 2264 miserunt.
3723 2198 3966 2268 Taren-

388 2310 532 2377 tiuis
608 2330 744 2377 cum
800 2320 969 2378 esset
1031 2309 1265 2395 legatio
1316 2308 1625 2397 Neapolin
1672 2307 2000 2386 mittenda,
2042 2308 2341 2375 miserunt
2372 2304 2496 2391 ²⁷⁸)
2544 2303 2798 2395 ἄνδρας
2845 2305 3202 2394 ἐπιφανεῖς
3270 2314 3382 2375 καὶ
3433 2312 3800 2401 προξένους
3848 2316 3963 2385 διὰ

388 2406 618 2502 γένους
660 2421 799 2491 τῶν
844 2422 1312 2499 Νεαπολιτων.

687 2543 1109 2614 Proxenorum
1160 2545 1367 2614 officia
1406 2558 1467 2616 et
1499 2546 1724 2614 munia
1770 2545 1877 2631 qui
1926 2544 1990 2610 in
2040 2563 2111 2610 se
2163 2542 2537 2632 recipiebat,
2607 2563 2746 2610 cum
2794 2563 3110 2632 proxenus
3162 2520 3286 2615 non
3352 2559 3521 2616 esset
3571 2551 3825 2621 decreto
3877 2556 3966 2621 ci-

392 2663 597 2729 vitatis
643 2661 880 2739 factus,
945 2665 1001 2729 is
1068 2654 1600 2749 ἑθελοπρόξενος
1665 2659 2018 2738 dicebatur,
2096 2671 2203 2726 aut
2268 2670 2438 2727 certe
2488 2657 2838 2746 Thncydidi
2888 2660 3140 2742 dicitur,
3215 2683 3416 2752 neque
3484 2671 3644 2735 enim
3712 2669 3966 2763 forense

398 2777 642 2845 videtur
691 2790 750 2845 et
802 2778 1141 2863 legitimum
1192 2799 1336 2846 esse
1386 2776 1775 2847 vocabulum.

697 2896 805 2963 10.
925 2892 1120 2975 Quam
1195 2894 1318 2962 late
1382 2907 1581 2962 autem
1652 2893 1770 2962 hoc
1822 2892 2054 2983 publici
2104 2891 2353 2983 hospitii
2399 2895 2732 2962 institutum
2800 2893 2965 2985 apud
3017 2896 3298 2966 Graecos
3350 2903 3645 2988 patuerit,
3714 2905 3974 2993 primum

395 3010 841 3099 Aristophanes
882 3008 1086 3089 docet,
1131 3010 1295 3099 apud
1341 3032 1517 3100 quem
1572 3023 1692 3078 tum
1726 3011 2037 3100 inlAvium
2087 3009 2305 3078 fabula
2337 2997 2459 3095 ²⁷⁹)
2485 3007 2854 3101 Episkop'os,
2904 3013 3011 3080 ubi
3051 3016 3115 3080 in
3148 3034 3370 3083 novam
3413 3016 3628 3086 urbem
3660 3017 3970 3109 Nephelo—

399 3132 761 3214 coccygiam
810 3129 1121 3218 pervenit,
1173 3129 1371 3194 statim
1423 3130 1703 3217 quaerit,
1754 3123 1891 3191 ποῦ
1938 3126 2295 3212 πρόξενοι,
2365 3127 2473 3195 nbi
2520 3131 2778 3217 proxeni
2829 3132 2978 3205 sint,
3042 3125 3164 3218 q'uo
3216 3129 3365 3199 loco
3415 3133 3667 3202 difficile
3717 3147 3812 3228 est
3862 3137 3971 3206 de-

394 3245 625 3321 finire„
656 3264 957 3332 quosnam
1007 3255 1280 3333 quaerat,
1323 3244 1566 3312 videtur
1618 3256 1817 3311 autem
1875 3246 2047 3313 cives
2095 3265 2296 3313 novae
2347 3245 2613 3312 civitatis
2664 3244 3051 3331 significare,
3102 3267 3261 3335 quos
3312 3267 3429 3315 sua
3478 3252 3696 3318 civitas
3745 3273 3970 3341 proxe-

396 3364 827 3438 niaornavit,
904 3382 1139 3449 eosque
1190 3380 1526 3448 quaerere,
1592 3361 1696 3427 ubi
1753 3362 1906 3433 sint.
1981 3361 2254 3428 sortasse
2303 3371 2368 3427 ut
2412 3361 2646 3429 auxilio
2698 3361 2902 3429 adsint
2967 3361 3089 3429 sibi
3152 3362 3439 3432 mandata
3506 3366 3840 3454 perferenti
3887 3370 3972 3438 ad

402 3482 604 3558 Aves,
657 3489 780 3546 tum
829 3478 989 3546 idem
1036 3489 1217 3567 poeta
1248 3474 1371 3561 ²⁸⁰)
1425 3479 1487 3545 in
1538 3476 1668 3545 alia
1715 3475 1931 3543 rabula
1985 3459 2358 3544 Clisthenem
2405 3475 2811 3544 effeminatum
2867 3490 2928 3546 et
2988 3478 3390 3547 mulierosum
3437 3480 3740 3551 hominem
3788 3487 3972 3554 muli·

408 3596 614 3662 eribus
636 3596 940 3663 dicentem
987 3595 1173 3661 facit:
1226 3590 1537 3678 προξενῶ
1582 3588 1655 3657 θ’
1683 3584 1871 3677 ὑμῶν
1925 3587 2068 3672 ἀεί,
2118 3596 2321 3680 iisque
2366 3590 2832 3661 denunciantem
2870 3596 3076 3662 furtim
3126 3598 3322 3663 virum
3352 3617 3501 3666 esse
3551 3602 3615 3666 in
3645 3600 3970 3670 mulierum

411 3721 647 3777 coetum
680 3715 1049 3800 ingressum.
1100 3709 1328 3779 Probat
1376 3713 1432 3779 is
1486 3714 1741 3801 insuper
1771 3712 1951 3778 etiam
1984 3710 2165 3778 locus
2212 3726 2450 3778 morum
2481 3708 2786 3796 quandam
2836 3710 3291 3779 similitudinem
3338 3715 3503 3782 inter
3528 3719 3825 3805 proxenia
3856 3717 3971 3787 do-

405 3837 592 3893 natos
644 3841 701 3896 et
749 3851 857 3898 eas
904 3805 1182 3895 civitates
1234 3830 1689 3905 intercessisse,
1739 3847 1995 3916 quarum
2043 3825 2141 3893 illi
2189 3826 2523 3914 proxenias
2571 3824 2884 3902 haberent,
2928 3826 2992 3893 id
3043 3827 3208 3915 quod
3260 3830 3443 3897 etiam
3491 3830 3655 3901 dicto
3702 3835 3969 3922 quodam

544 4139 683 4209 ³⁷⁰)
731 4127 1132 4214 Theopomp.
1178 4150 1266 4209 ap.
1307 4125 1525 4190 Schol.
1562 4125 1861 4190 Arima.
1901 4148 1959 4206 p.
1988 4129 2125 4188 528·
2148 4126 2305 4184 Dind·
2350 4118 2590 4192 οὐδέπω
2632 4124 2700 4192 δὲ
2737 4128 2914 4195 πέντε
2952 4129 3109 4195 ἕταῖν
3147 4134 3666 4214 παρεληλυθότων
3701 4137 3970 4221 πολέμου

417 4229 766 4316 adnumeres·
817 4232 969 4314 πρὸς
1006 4232 1541 4308 Λακεδαιμονίους
1595 4225 1631 4294 ὁ
1674 4231 1876 4309 δῆμος
1913 4226 2335 4306 μετεπέμψατο
2387 4223 2500 4292 τᾶν
2537 4223 2806 4311 Κίμωνα
2862 4233 3132 4311 νομίζων
3187 4227 3293 4296 διὰ
3328 4231 3443 4315 τήν
3499 4241 3823 4316 προξενίαν
3873 4239 3972 4306 τᾶ-

416 4353 583 4413 χιστα
622 4333 756 4412 (sic)
800 4321 880 4395 ἂν
921 4330 1110 4408 αιῂὸν
1151 4328 1411 4414 εἰρήνην
1453 4327 1852 4410 ποιήσασθαι.
1936 4324 1971 4393 ὅ
2013 4326 2080 4392 δὲ
2114 4323 2610 4409 παραγενόμενος
2647 4335 2725 4418 τῇ
2759 4326 2931 4396 πόλει
2967 4330 3078 4397 τὸν
3118 4330 3385 4414 πόλεμον
3421 4337 3718 4405 κατέλυσε.
3798 4339 3970 4422 Nep.

421 4434 554 4488 Cim.
588 4438 643 4501 3,
682 4439 740 4492 3.
782 4434 928 4491 hunc
969 4441 1115 4491 recte
1153 4433 1421 4506 sequitur.
1514 4426 1910 4490 Andocides
1949 4438 2131 4488 antem
2184 4428 2254 4486 de
2306 4446 2430 4504 pac.
2475 4434 2575 4489 91.
2634 4440 2691 4488 et
2738 4426 3061 4493 Aen-ltin.
3119 4434 3187 4493 de
3239 4435 3280 4492 i.
3339 4436 3389 4506 l,
3432 4439 3566 4498 335.
3625 4443 3681 4499 in
3754 4445 3854 4501 hac
3913 4461 3975 4503 re

418 4533 703 4626 reserenda
760 4543 817 4591 et
868 4533 989 4591 aliis
1049 4532 1332 4590 erroribus
1379 4534 1526 4607 capti
1582 4540 1738 4601 sunt,
1818 4538 1876 4587 et
1926 4530 2035 4587 hoc
2090 4537 2351 4605 peceant,
2396 4529 2572 4604 quod
2605 4548 2709 4605 pro
2764 4531 2989 4592 Cimone
3042 4546 3256 4610 ponunt
3313 4539 3778 4623 Μιλτιάδην
3834 4569 3973 4610 τον

425 4635 587 4711 Κίμ
605 4655 703 4695 ων
723 4657 804 4709 ος
845 4631 1334 4719 οἷστρακισμὲνον
1374 4661 1449 4678 ··-
1493 4627 1940 4712 κατιδεξᾶμερα
1979 4629 2085 4696 δι’.
2104 4652 2259 4693 auso
2305 4652 2490 4698 τουτο
2528 4624 2826 4711 πρόξενον
2889 4658 3038 4698 οντα
3076 4635 3663 4719 Λακεδαιμονίων”
3626 4667 3793 4720 οπως
3829 4645 3977 4725 πέμ-

420 4749 656 4813 ψαιμεν
692 4735 777 4808 εἰς
814 4719 1255 4815 Λακεδαίμονα
1288 4726 1950 4816 προκηρυκευσόμενον
1987 4730 2132 4812 περὶ
2169 4731 2461 4796 σπονδῶν
2501 4735 2629 4796 κτλ.
2673 4769 2676 4774 -
2736 4733 2844 4791 Cf.-
2835 4751 3001 4809 qnae
3041 4737 3239 4812 scripsi
3279 4740 3336 4796 in
3369 4752 3657 4800 comment.
3697 4744 3765 4804 de
3806 4757 3978 4808 ostra·

508 4853 583 4893 ιιι.
618 4854 676 4911 p.
704 4838 837 4895 185.
1041 4835 1171 4912 ²¹¹)
1217 4827 1515 4912 Χηυρλ.
1556 4833 1622 4891 Η.
1664 4834 1757 4891 Gr.
1798 4832 1881 4901 vl,
1923 4837 1992 4901 3,
2033 4833 2093 4888 4.
2254 4828 2432 4907 ²¹²)
2476 4827 2734 4893 Herod.
2774 4834 2902 4905 vm,
2945 4838 3079 4895 136.
3247 4843 3309 4877 ²¹¹
3288 4837 3376 4917 ¹¹⁸)
3420 4835 3711 4923 Thucyd.
3754 4848 3842 4919 111,
3885 4853 3981 4914 52.

352 4854 535 4992 ά
515 4935 572 5013 )
613 4930 909 5016 Thucyd.
946 4937 1029 5007 lv,
1070 4939 1167 4998 59.
1295 4931 1459 5012 ²¹⁸)
1477 4927 1784 5012 Χηυρλ.
1826 4932 1893 4990 Η.
1934 4931 2026 4989 Gr.
2069 4930 2110 5002 1,
2150 4937 2207 5002 2,
2249 4932 2347 4991 35.
2512 4929 2994 5015 ²⁷⁸)Xenoph.
3035 4937 3337 5011 1.c.v1,1.
3503 4943 3642 5025 ¹²²)
3683 4944 3985 5031 Χηορλ.

435 5037 599 5095 Anah.
642 5037 701 5104 V,
754 5038 811 5102 4,
853 5042 949 5097 26.
991 5040 1046 5095 4.
1259 5030 1398 5110 ²⁷⁸)
1444 5025 1733 5114 Dionys.
1774 5028 1941 5094 Hal.
1981 5035 2044 5090 Α.
2086 5033 2149 5091 R.
2191 5033 2297 5104 XV,
2338 5035 2396 5094 5.
2602 5031 2740 5112 ²²⁹)
2780 5030 3132 5118 Ανίπορλ.
3187 5045 3283 5099 Av.
3327 5046 3497 5102 1021.
3708 5053 3844 5130 ²⁸⁰)
3895 5049 3995 5118 ld,

434 5137 644 5197 Thesm.
686 5140 822 5197 582.
2925 5177 2936 5186 =
