4623 5882
1988 370 2378 467 *23³-

414 610 546 657 rnm
596 589 659 654 in
726 587 1062 665 concione,
1139 596 1260 653 tum
1310 585 1474 675 quod
1540 588 1608 675 in
1659 585 1925 672 Cymaeo
1990 583 2164 652 titulo
2231 603 2334 652 no.
2367 581 2579 652 3523.
2633 593 2763 651 est:
2844 581 3169 663 Κυμαίοις
3223 574 3506 662 ἔμμεναι
3558 578 3667 641 καὶ
3714 570 3940 644 αὖτοῖς

420 709 524 770 καὶ
579 707 717 776 τοῖς
769 703 1069 781 ἐκγόνοις
1112 697 1430 786 ἐντίμοις
1492 698 1744 795 οὖθέως
1769 749 1789 780 ,
1852 701 1959 769 ubi
2009 703 2335 784 Κυμαίοις
2383 701 2796 768 accusativum
2837 718 2983 765 esse
3019 696 3368 766 Boeckhius
3412 696 3635 774 docuit,
3690 689 3939 764 εὐθέως

416 833 508 889 est
571 825 611 890 i.
663 842 722 909 q.
790 815 960 885 εὐθύ
1025 819 1243 909 plane,
1312 820 1575 907 denique
1633 824 1928 903 ἐντίμως
1981 819 2215 907 aliquid
2266 820 2463 885 maius
2516 827 2577 884 et
2623 816 2925 883 illustrius
2991 813 3266 881 indicare
3313 813 3582 890 videtum
3658 832 3733 880 eo
3783 814 3942 877 enim

412 939 604 1006 verbo
656 937 914 1004 dabatur
959 936 1111 1011 illis,
1161 938 1226 1003 ni
1259 935 1468 1013 fallor,
1524 948 1585 1004 nt
1634 936 1891 1003 eundem
1941 935 2074 1003 fere
2125 939 2189 1001 in
2237 934 2558 1024 republica
2606 932 2810 999 locum
2857 930 3187 1023 haberent,⁴
3217 950 3394 1018 quem
3430 928 3591 1018 apud
3618 927 3935 995 Lacedae-

411 1057 653 1122 monios
721 1047 945 1136 ὅμοιοι
1020 1053 1321 1120 tenebant.
1455 1051 1593 1120 Non
1661 1053 1917 1120 eundem
1986 1054 2270 1120 eximium
2337 1051 2600 1118 civitatis
2666 1049 2902 1125 locum,
2969 1049 3071 1135 qni
3121 1049 3416 1129 ἐντίμοις
3483 1045 3675 1114 verbo
3698 1096 3713 1122 ,
3763 1046 3942 1111 etiam

416 1171 873 1253 ἰσοτιμίας
925 1180 985 1238 et
1032 1165 1456 1250 ἐπιτιμᾶς
1506 1168 1830 1236 vocabulis
1881 1167 2214 1255 significari
2264 1167 2564 1245 arbitror3
2633 1166 2813 1263 immo
2880 1163 3185 1246 ἰσοτιμία
3218 1160 3341 1252 ²⁰¹)
3391 1148 3668 1230 indicare
3710 1160 3947 1226 videtur

417 1287 821 1354 conditionem
872 1306 1034 1374 quae
1083 1286 1160 1354 ad
1214 1285 1682 1352 ίσοπολιτείοιν
1734 1288 2010 1375 proxime
2060 1284 2397 1351 accedebat
2413 1279 2572 1366 202);
2644 1279 2965 1365 ἐπιτιμᾶν
3016 1294 3215 1350 autem
3277 1278 3593 1363 καθάπερ
3644 1277 3949 1360 Δελφοῖς,

418 1402 579 1497 quod
632 1405 696 1468 in
746 1403 989 1472 duobus
1038 1401 1352 1492 Delphicis
1401 1406 1735 1492 proxeniae
1785 1402 2050 1470 decretis
2100 1402 2402 1489 reperitur
2417 1394 2569 1483 ²⁰³),
2614 1417 2750 1466 cum
2800 1400 3113 1468 Boeckhio
3166 1411 3364 1467 statuo
3413 1417 3537 1464 uon
3583 1415 3725 1462 esse
3774 1393 3946 1460 aliud

420 1540 594 1607 quam
633 1516 1003 1604 ἐπιτιμίαν.
1104 1517 1280 1598 Quae
1326 1521 1383 1586 si
1431 1539 1581 1586 vere
1621 1518 1927 1607 disputata
1966 1527 2138 1593 sunt,
2175 1515 2295 1584 hoc
2344 1516 2561 1584 ordine
2602 1536 2673 1584 se
2714 1520 3063 1607 exceperint
3111 1520 3331 1586 civium
3378 1525 3439 1581 et
3484 1513 3949 1601 peregrinorum

420 1646 647 1702 status:
690 1634 736 1704 Ι.
774 1641 944 1705 cives
990 1633 1080 1727 -l)
1108 1631 1368 1718 ἔντιμοι
1399 1658 1451 1704 s.
1487 1629 1729 1718 ὅμοιοι.
1807 1631 1887 1727 2)
1921 1632 2241 1717 ἐπίτιμοι.
2306 1630 2386 1726 3)
2421 1631 2713 1699 πολῖται.
2776 1633 2852 1702 ll.
2889 1637 3232 1724 peregrini:
3293 1629 3368 1725 l)
3413 1627 3813 1696 ἲσοπολῑται.
3863 1623 3947 1717 2)

419 1751 738 1835 ἰσότιμοι.
843 1750 929 1846 3)
972 1752 1306 1839 πρόξενοι.
1355 1750 1442 1846 4)
1491 1751 1829 1826 ἲσοτελεῖς.
1929 1749 2010 1845 5)
2060 1755 2377 1835 μέτοικοι.
2474 1750 2602 1819 Sed
2656 1751 2844 1820 redeo
2897 1752 2975 1819 ad
3023 1752 3282 1817 civitatis
3330 1753 3447 1816 ius.
3541 1746 3774 1814 Etenim
3821 1764 3950 1809 non

418 1869 496 1936 ab
547 1870 678 1937 illis
727 1880 952 1937 tantum
1001 1870 1347 1938 civitatibus
1414 1869 1527 1937 sed
1576 1873 1756 1938 etiam
1807 1869 1885 1939 ab
1918 1869 2392 1938 Atheniensibus
2440 1889 2886 1957 nonnumquam
2937 1888 3069 1936 cum
3119 1869 3415 1956 proxenia
3464 1867 3680 1935 civitas
3728 1880 3952 1928 conce-

418 1985 708 2065 debatur,
758 1986 821 2054 id
869 1986 1034 2074 quod
1083 1989 1235 2053 satis
1288 1986 1528 2055 duobus
1549 1984 1617 2080 ⁸)
1669 1987 1830 2056 locis
1880 1987 2190 2078 probatur.

707 2102 807 2170 Ea‘
849 2106 1037 2189 igitur
1087 2114 1260 2171 erant
1308 2105 1639 2193 privilegia
1690 2116 1749 2172 et
1795 2105 2101 2184 honore8‚
2155 2122 2413 2192 qnorum
2463 2104 2591 2171 alia
2641 2104 2720 2171 ab
2770 2104 2914 2172 aliis
2966 2103 3312 2172 civitatibus
3362 2116 3496 2169 una
3546 2122 3684 2166 cum
3717 2117 3944 2180 prome-

419 2225 531 2287 m'a
579 2222 869 2309 proxenis
923 2220 1458 2301 concedebantur3
1530 2222 1713 2289 simul
1764 2223 1922 2288 enim
1967 2223 2171 2288 omnia
2220 2220 2298 2286 ab
2366 2219 2541 2287 nulla
2590 2218 2898 2289 conc‘essa
2947 2231 3086 2288 sunt
3135 2223 3394 2288 civitate.
3512 2218 3604 2285 Ab
3653 2215 3783 2282 illis
3841 2232 3951 2276 au-

417 2347 537 2403 tem
591 2335 1022 2423 distinguenda
1072 2348 1209 2404 sunt
1259 2358 1419 2426 quae
1461 2337 1626 2406 dona
1674 2350 1735 2406 et
1782 2341 1921 2405 iura
1976 2339 2054 2405 iis
2104 2336 2530 2404 tribuebantur
2573 2357 3057 2434 nonnumquam,
3099 2348 3432 2423 postquam
3475 2340 3604 2401 iam
3653 2352 3766 2416 per
3833 2334 3950 2395 ali-

420 2456 585 2537 quod
638 2464 872 2537 tempus
916 2460 1186 2538 prement·
1228 2458 1523 2541 fuissent,
1571 2465 1754 2543 atque
1805 2457 1870 2522 in
1920 2475 1996 2523 ea
2044 2455 2347 2544 proxenia
2395 2453 2595 2523 denuo
2658 2454 2818 2523 bene
2861 2458 3229 2523 meruissent
3297 2451 3375 2519 de
3425 2454 3702 2521 civitate,
3776 2448 3952 2512 cuius

422 2581 632 2637 essent
675 2571 951 2658 proxeni.
1078 2567 1197 2659 lta,
1222 2568 1472 2639 decreto
1506 2567 1637 2663 ²⁰⁴)
1687 2569 2011 2658 Syriorum
2053 2569 2420 2640 Onesandro
2460 2569 2715 2660 Siphnio
2763 2592 3035 2661 proxeno
3113 2591 3345 2640 corona
3401 2571 3656 2656 eiusque
3730 2582 3954 2630 renun-

418 2687 591 2754 tiatio
611 2738 628 2764 ‚
729 2685 809 2752 ab
881 2684 1133 2754 Thasiis
1184 2682 1314 2778 ²⁰⁵)
1408 2699 1608 2756 autem
1699 2687 2029 2774 Polyarato
2118 2698 2178 2755 et
2259 2688 2340 2754 ab
2415 2687 2732 2755 Cartbaeis
2761 2678 2832 2781 b)
2943 2693 3127 2757 attico
3188 2707 3459 2778 proxeno
3536 2685 3750 2751 civitas
3769 2733 3784 2757 ,
3873 2679 3953 2746 ab

420 2799 622 2869 Pariis
662 2800 731 2896 θ)
826 2822 1098 2891 proxeno
1167 2803 1328 2873 bene
1405 2807 1620 2874 merito
1703 2808 1921 2873 iterum
2011 2807 2310 2894 proxenia
2375 2803 2762 2886 decernitnr3
2877 2817 3059 2894 atque
3149 2804 3312 2873 haud
3394 2804 3526 2871 scio
3614 2804 3770 2867 sitne
3843 2818 3952 2863 eo·

423 2916 559 2985 dem
612 2918 975 2988 reserendus
1038 2919 1252 2989 titulus
1301 2920 1670 3011 Anaphaeus
1733 2917 1984 3015 (2477,
2015 2918 2135 3013 b.).
2260 2920 2452 2990 Plane
2511 2933 2712 2991 autem
2764 2922 3084 3010 singulare
3151 2933 3279 3000 est,
3347 2919 3511 3011 qnod
3579 2938 3653 2987 ex
3720 2915 3952 2999 Corcy-

421 3054 570 3101 raeo
589 3031 717 3127 ²⁰⁶)
790 3037 1054 3126 quodam
1102 3039 1275 3107 titulo
1325 3049 1607 3128 apparet,
1676 3043 1901 3110 emisse
1949 3059 2398 3128 nonnumquam
2470 3042 2745 3113 civitates
2809 3042 3099 3129 proxeuis
3166 3059 3358 3126 agros
3434 3037 3804 3123 domosque,
3888 3032 3950 3097 ni

418 3150 642 3230 fallor,
695 3173 771 3221 eo
814 3154 1082 3222 consilio
1118 3166 1185 3221 ut
1225 3158 1280 3223 si
1321 3155 1403 3222 ad
1446 3156 1661 3225 urbem
1708 3156 2170 3226 deverterentur
2222 3159 2510 3247 proxeni,
2562 3177 2641 3225 ea
2685 3158 2981 3225 haberent
3027 3158 3273 3247 hospitii
3321 3154 3553 3246 publici
3596 3152 3758 3220 loco.

760 3269 824 3336 Θ.
922 3269 1183 3338 Tantum
1236 3271 1318 3339 de
1367 3270 1705 3341 honoribus
1766 3285 1826 3342 et
1873 3275 2220 3364 privilegiis
2270 3293 2695 3363 proxenorum.
2831 3274 3097 3343 Decreta
3169 3286 3368 3341 autem
3421 3276 3561 3361 ipsa
3618 3271 3950 3359 proxeniae

417 3384 781 3475 plerumque
849 3388 913 3453 in
978 3387 1277 3455 columnis
1341 3387 1637 3477 lapideis,
1721 3394 2082 3480 praesertim
2138 3392 2363 3482 lapidis
2442 3391 2687 3460 candidi
2750 3391 3175 3461 scribebantur
3191 3387 3318 3483 ²⁰⁷)
3412 3400 3515 3457 aut
3580 3385 3826 3474 singula
3893 3387 3956 3450 in

508 3654 646 3728 ²⁰¹)
697 3653 843 3710 Haec
871 3653 925 3710 in
966 3654 1186 3712 decreto
1217 3654 1523 3714 Crannouio
1560 3655 1674 3733 (ap.
1707 3652 1935 3718 Leuke
1969 3657 2184 3728 149,h.
2218 3651 2475 3722 α’συλίαν
2507 3657 2606 3723 καὶ
2636 3659 2963 3739 ἰσοτιμίαν)
2996 3677 3237 3736 proxeno
3268 3660 3601 3717 conceditur.
3686 3656 3825 3730 ²⁰²)
3869 3656 3947 3719 Cf.

429 3746 750 3811 Niebuhr.
795 3753 862 3811 Η.
906 3755 970 3812 R.
1012 3755 1084 3825 ΙΙ,
1151 3760 1250 3815 60.
1348 3753 1486 3833 ²⁰⁸)
1544 3757 1624 3814 Cf.
1677 3758 1736 3814 C.
1779 3758 1820 3815 1.
1854 3776 1942 3834 ap.
1983 3753 2276 3819 Boecklc.
2324 3762 2477 3819 1692
2518 3770 2574 3818 et
2606 3754 2901 3819 Canium
2926 3763 3023 3820 46.
3123 3758 3178 3838 a)
3229 3754 3620 3818 Dinarchus
3667 3755 3741 3833 (c.
3801 3756 3948 3812 Dem-

427 3847 484 3932 §.
503 3850 628 3928 ⁴5.)
669 3853 735 3911 de
761 3854 1118 3913 Demosthene
1145 3855 1305 3914 dicit:
1351 3851 1537 3933 ὅσους
1572 3843 1758 3933 οὗτος
1790 3858 2051 3942 γέγραφε
2075 3859 2409 3942 προξένους
2437 3855 2593 3923 εἶναι
2628 3859 2758 3923 καὶ
2787 3851 3194 3943 Ἀθηναίους,
3220 3860 3521 3935 Hyperides
3543 3866 3718 3916 antem
3745 3854 3820 3932 (c.
3846 3855 3943 3912 De·

427 3951 570 4008 mad.
615 3967 701 4027 ap.
752 3950 975 4035 Harp.
1041 3973 1092 4012 v.
1132 3951 1527 4039 Ἀλκίμαχος)
1613 3959 1744 4016 haec
1796 3960 1987 4018 habet:
2040 3957 2414 4041 Ἀλκίμαχον
2466 3958 2572 4024 καὶ
2605 3953 2992 4043 Ἀντίπατρον
3026 3957 3420 4041 Ἀθηναίους
3473 3957 3574 4022 καὶ
3623 3956 3956 4040 προξένους

423 4049 868 4133 δποιησᾶμιθα.
1032 4057 1172 4133 ²⁰⁴)
1215 4058 1274 4115 C.
1294 4059 1336 4115 1.
1358 4076 1450 4117 no.
1472 4063 1649 4118 2347.
1812 4059 1952 4138 ²⁹⁵)
1987 4062 2047 4119 C.
2075 4063 2134 4118 1.·
2154 4080 2248 4118 no.
2275 4066 2452 4120 2161.
2494 4054 2786 4142 πρόξενος
2815 4057 2905 4126 οἷν
2935 4063 3036 4124 καὶ
3064 4056 3376 4145 εὐεργέτης
3410 4066 3515 4141 τῆς
3542 4055 3774 4134 πόλεως
3795 4052 3956 4138 ἀνὴρ

427 4146 670 4236 &quade
693 4154 997 4237 γεγένηται
1024 4157 1162 4240 περὶ
1187 4151 1303 4238 τὴν
1330 4158 1509 4224 πόλιν
1536 4164 1664 4225 τοῖν
1691 4163 1957 4227 Θασίων.
2076 4161 2140 4238 b)
2179 4163 2239 4219 C.
2262 4163 2309 4219 ἱΙ.
2335 4165 2510 4221 2353.
2632 4163 2688 4241 c)
2726 4162 2803 4220 lh.
2830 4165 3004 4232 2374,
3029 4162 3087 4220 d.
3223 4161 3360 4240 ²⁰⁶)
3396 4163 3455 4219 C.
3480 4161 3520 4218 1.
3551 4178 3644 4218 no.
3676 4161 3847 4219 1840.
3889 4159 3950 4215 ln

425 4253 536 4312 boc
575 4257 719 4312 enim
763 4264 893 4330 post
936 4259 1238 4318 versiculos
1288 4257 1432 4324 τάδε
1471 4258 1760 4344 Ιμπρίατο
1825 4260 1902 4338 (i.
1946 4281 1996 4322 c.
2030 4262 2190 4342 Ino.)
2234 4258 2274 4326 ἆ
2323 4258 2499 4338 πόλις
2537 4269 2665 4339 τοῖς
2700 4261 3013 4344 προξένοις
3062 4257 3420 4346 καρπεῦειν,
3478 4255 3593 4326 ὅσα
3633 4254 3958 4325 exstasim

436 4346 581 4418 ὦντι
628 4365 1012 4414 enumerantur
1062 4369 1273 4436 septem
1331 4363 1595 4436 proxeni,
1656 4371 1891 4437 quornm
1946 4362 2055 4420 duo
2104 4363 2371 4434 Phaestii,
2428 4366 2626 4440 reliqui
2670 4373 2797 4423 sunt
2846 4365 3137 4434 Cnossius‚
3178 4364 3451 4438 Tylesius,
3492 4361 3816 4420 Antandrius
3855 4357 3949 4434 (ἓ),

436 4453 677 4528 Sciptias,
704 4456 947 4530 Delphus
975 4461 1229 4518 etArcas.
1288 4460 1446 4530 Quod
1482 4464 1578 4520 uni
1601 4462 1837 4538 Sciptiae
1858 4463 2095 4523 additum
2123 4472 2214 4524 est
2245 4458 2596 4552 ,,ειῖ.«εργέ·εςιις
2642 4465 2913 4541 duplicem
2947 4465 3113 4524 habet
3145 4466 3492 4540 explicatum
3532 4464 3727 4521 etenim
3751 4468 3841 4518 ant
3864 4459 3955 4514 hie

433 4547 589 4610 sorus
615 4565 733 4613 erat
764 4548 1057 4633 πρόξενος
1086 4560 1189 4624 καὶ
1213 4552 1540 4644 ευεργέτας,
1570 4564 1775 4638 reliqui
1814 4573 2017 4622 tantum
2044 4562 2348 4648 πρόξενοι,
2374 4577 2469 4625 aut
2498 4569 2587 4626 hic
2625 4565 2931 4649 εὐεργέτας
2955 4567 3170 4642 quidem
3195 4574 3326 4635 erat,
3359 4565 3651 4647 πρόξενος
3674 4579 3781 4620 ιιοιι
3817 4568 3952 4626 crat,

433 4671 557 4712 cum
582 4655 773 4730 reliqui
801 4653 1100 4740 εὐεργέται
1120 4660 1223 4724 καὶ
1240 4660 1522 4743 πρόξενοι
1543 4663 1775 4732 fuerint3
1794 4666 1924 4721 mihi
1946 4666 2104 4740 prior
2125 4666 2263 4723 ratio
2286 4666 2483 4741 placet.
2505 4668 2742 4743 Singulis
2764 4677 2939 4726 autem
2964 4681 3329 4744 proxeuorum
3351 4665 3656 4724 nominibus
3682 4659 3953 4734 adduntur

430 4753 584 4812 fundi
621 4772 740 4813 cnm
771 4775 1027 4816 mensura
1064 4768 1120 4816 et
1147 4761 1287 4831 sitn3
1327 4764 1477 4823 fundi
1509 4781 1639 4821 vero
1675 4774 2063 4824 enumerantur
2103 4766 2335 4841 triplicis
2379 4769 2626 4843 generis:
2669 4770 2864 4844 partim
2899 4768 3037 4825 enim
3079 4775 3206 4824 sunt
3234 4767 3456 4837 domus,
3500 4764 3710 4842 partim
3743 4761 3945 4827 vineae,

428 4858 631 4932 partim
663 4857 779 4930 agri
805 4858 1091 4918 arboribus
1129 4877 1243 4917 non
1280 4867 1491 4923 consiti.
1518 4865 1677 4923 -Emit
1706 4868 1873 4942 igitur
1909 4868 2093 4924 civitas
2120 4883 2218 4924 eos
2246 4867 2446 4925 fundos
2489 4871 2819 4943 ‚,proxenis,
2839 4875 2874 4900 ‘⁶
2912 4868 2966 4925 id
2996 4876 3079 4925 est
3106 4884 3473 4952 proxenorum
3507 4878 3713 4931 caussa,
3746 4877 3854 4916 non
3891 4869 3950 4914 nt

434 4958 517 5014 his
540 4956 837 5014 dominium
862 4960 1098 5031 cederet,
1113 4960 1211 5019 sed
1248 4970 1309 5018 ut
1331 4980 1465 5021 usus
1490 4966 1702 5024 fructus
1731 4975 1934 5025 tantum
1961 4974 2297 5041 competeret
2319 4977 2479 5043 atque
2509 4985 2577 5026 ne
2606 4970 2692 5027 hic
2717 4970 2933 5045 quidem
2958 4971 3131 5026 omnis
3158 4970 3252 5026 sed
3279 4971 3416 5026 intra
3444 4983 3540 5022 cos
3568 4970 3772 5019 tantum
3796 4959 3948 5027 fines,

438 5058 575 5115 intra
613 5074 755 5132 quos
801 5057 909 5116 illis
956 5064 1037 5118 uti
1081 5070 1329 5138 possent.
1575 5067 1717 5143 η’)
1756 5069 1892 5125 Ηίιιο
1928 5068 1982 5125 in
2015 5067 2125 5125 illis
2159 5067 2393 5126 decretis
2423 5086 2585 5145 saepe
2624 5071 2851 5147 legitur:
2892 5064 3247 5153 ἀναγράψαι
3284 5066 3347 5130 δὲ
3385 5061 3521 5129 τόδε
3557 5061 3625 5126 τὰ
3655 5059 3948 5141 ψήφισμα

356 5187 391 5252 §-
445 5156 595 5222 (ιδὲ
632 5159 736 5223 καὶ
777 5154 893 5239 τήν
921 5162 1269 5241 προξενίαν)
1299 5162 1368 5229 ὗν
1402 5160 1589 5252 στήλῃ
1632 5166 1721 5244 (ἐς
1746 5164 1960 5255 στήλῃ)
2002 5168 2213 5254 λιθίνῃ
2254 5187 2300 5227 s.
2337 5168 2435 5255 είς,
2462 5166 2689 5253 στήλην
2729 5175 3010 5253 λιθίνην,
3052 5173 3132 5230 Cf.
3154 5172 3311 5228 Attic.
3342 5183 3434 5226 no.
3457 5166 3554 5224 84.
3587 5164 3755 5236 Orop.
3784 5163 3953 5219 1566.
