4623 5882
667 499 1077 579 reconciliare
1108 497 1227 586 ²⁸¹2)
1279 511 1549 588 possent.
1663 498 1851 566 Nulla
1898 510 2100 568 autem
2148 502 2213 567 in
2260 523 2346 569 re·
2379 504 2579 587 magis
2630 501 2895 569 enitebat
2943 506 3200 592 proxeni
3253 502 3511 571 studium
3561 490 3971 596 voluntasque
4018 500 4200 595 qna'm

672 622 736 685 in
802 614 1078 686 colendis
1140 612 1633 704 redimendisque
1689 619 1983 705 captivis,
2051 619 2107 684 si
2188 621 2293 705 qui
2337 617 2493 684 belli
2558 618 2740 686 clade
2814 623 2989 688 cives
3068 621 3203 688 eius
3284 623 3579 699 civitatis.
3655 624 3831 690 cuius
3893 638 4236 713 proxenus*

672 746 838 814 erat,
878 736 943 801 in
1002 734 1406 825 captivitatem
1461 735 1594 800 eius
1657 730 1973 800 venissent
2036 734 2330 808 civitatis,
2381 736 2556 801 cuius
2605 737 2766 803 civis
2832 747 3001 814 erat3
3050 737 3137 802 ita
3198 735 3533 822 Corcyraei
3565 735 3689 823 ²⁶³)
3752 741 3858 828 qui
3904 741 3967 805 in
4020 726 4203 829 proe-

666 851 771 918 liis
808 849 1146 918 navalibus
1213 852 1382 916 circa
1439 847 1832 938 Epidamnum
1886 848 1964 916 ab
2030 848 2359 916 Corinthiis
2420 853 2578 940 capti
2652 862 2860 931 erant,
2913 851 2990 918 ab
3047 849 3143 918 his
3202 852 3438 921 dimissi
3496 865 3667 932 sunt,
3729 853 3892 943 quod
3960 858 4062 943 qui
4115 858 4204 921 ci-

664 989 777 1035 ves
838 966 1133 1035 Corinthii
1194 968 1448 1055 proxeni
1499 967 1952 1052 Corcyaeorum
2020 976 2193 1034 erant
2249 1007 2325 1016 —
2388 964 2651 1035 hahebat
2736 971 2927 1055 igitur
2993 970 3173 1035 etiam
3243 968 3520 1056 Corcyra
3595 969 3809 1059 plures
3896 991 4203 1060 proxenos

666 1088 731 1152 in
811 1082 1055 1169 eadem,
1088 1081 1356 1149 Corinthi
1420 1082 1571 1149 urbe
1630 1123 1707 1132 —
1763 1081 2027 1170 praedes
2097 1102 2211 1171 pro
2293 1085 2373 1150 iis
2459 1084 2824 1154 talentorum
2905 1087 3390 1171 octingentorum
3483 1090 3856 1167 extitissent3
3929 1087 4210 1155 similiter

666 1198 1023 1268 Alcibiades
1045 1194 1164 1282 ²⁶⁴)
1218 1218 1357 1265 cum
1422 1200 1643 1265 avitam
1706 1196 2336 1266 Lacedaemoniorum
2403 1203 2757 1289 proxeniam
2813 1221 3115 1270 renovare
3164 1200 3385 1282 vellet,
3456 1206 3620 1271 omni
3686 1202 4026 1271 officiorum
4097 1222 4206 1288 ge-

672 1335 825 1383 nere
885 1315 1156 1402 captivos
1216 1335 1462 1392 eorum,
1526 1317 1631 1402 qui
1693 1313 2057 1403 Sphacteria
2121 1318 2185 1382 in
2243 1316 2454 1384 insula
2516 1319 2577 1382 in
2647 1317 3106 1385 Atheniensium
3159 1329 3519 1407 potestatem
3567 1332 3893 1400 venerant,
3957 1318 4210 1389 Athenis

665 1405 1191 1522 prosequebatur3
1243 1430 1499 1499 eandem
1579 1430 1660 1498 ob
1744 1451 2032 1499 caussam
2106 1432 2449 1522 Hyperides
2536 1435 2597 1499 in
2675 1436 2954 1503 oratione
3026 1455 3081 1501 c.
3147 1433 3513 1514 Demadem,
3583 1456 3706 1525 quo
3781 1433 4210 1522 Euthycraten

670 1548 968 1639 proxenia
1025 1544 1339 1632 indignum
1422 1566 1567 1615 esse
1641 1546 2043 1627 demonstret,
2122 1551 2301 1616 etiam
2352 1549 2469 1616 hoc
2528 1551 2724 1636 ponit,
2791 1550 2954 1637 quod
3036 1550 3270 1617 nullum
3351 1551 3678 1620 redemerit
3756 1551 4211 1621 Atheniensium

675 1667 778 1754 qui
838 1665 903 1730 in
967 1662 1381 1732 Chaeroneusi
1444 1662 1682 1751 proelio
1754 1667 1912 1753 capti
1979 1678 2189 1734 essent
2243 1662 2422 1755 (τῶν
2477 1656 2777 1730 ἁλόντων
2830 1662 3075 1733 οὐδένα
3122 1656 3516 1755 ἐῤῥύσατο.)

965 1777 1179 1866 Neque
1228 1799 1378 1847 vero
1432 1781 1635 1848 omnia
1679 1784 1967 1869 persequi
2020 1782 2165 1850 licet
2185 1836 2201 1860 ,
2269 1785 2492 1872 quibus
2557 1785 2814 1872 proxeni
2877 1804 3245 1873 propensam
3308 1784 3680 1853 voluntatem
3742 1790 4216 1855 monstraverint
4291 1756 4298 1773 ’

674 1901 742 1967 in
789 1897 1091 1964 civitatem
1143 1916 1310 1974 eam,
1360 1916 1402 1963 a
1449 1916 1571 1985 qua
1618 1900 1954 1986 proxeniae
2000 1898 2236 1967 honore
2286 1902 2486 1969 affecti
2540 1910 2782 1977 essent;
2833 1921 3033 1989 neque
3085 1903 3243 1967 enim
3294 1903 3498 1969 omnia
3531 1903 3778 1970 scimus.
3836 1901 4212 1976 Rhodiorum

674 2032 984 2105 proxenus
1018 2008 1158 2096 ²⁶⁸),
1208 2015 1405 2101 patria
1428 2014 1726 2091 Aradius‚
1777 2016 1878 2080 cui
1925 2035 2146 2083 nomen
2199 2029 2332 2084 erat
2364 2015 2535 2085 Zeno
2569 2015 2786 2082 Naumi
2826 2017 2870 2082 f.
2915 2015 3115 2085 Rhodi
3162 2020 3377 2084 nescio
3425 2017 3589 2104 quod
3636 2016 3952 2087 donarium
3988 2020 4213 2087 obtulit
4293 2019 4298 2023 ’

680 2131 814 2201 lovi
857 2127 1177 2196 Servatori
1208 2128 1324 2197 hac
1364 2132 1791 2219 inscriptione:
1842 2130 2075 2215 Ζήνων
2122 2132 2446 2218 Ναούμου
2487 2129 2813 2218 Ἀράδιος
2865 2131 3188 2220 πρόξενος
3217 2133 3336 2197 Διῒ
3376 2130 3662 2222 Σωτῆρι.
3762 2132 4035 2228 Egregie
4086 2135 4206 2202 huc

674 2250 826 2315 facit
861 2244 1043 2313 locus
1071 2241 1190 2332 ²⁶⁶)
1243 2245 1487 2334 quidam
1519 2244 1813 2325 Platonis,
1864 2246 1970 2314 ubi
2018 2248 2320 2336 Megillus
2371 2249 2899 2319 Lacedaemonius
2949 2271 3120 2321 suam
3173 2250 3416 2319 domum
3469 2252 3616 2319 dicit
3663 2251 3914 2339 publico
3949 2251 4214 2341 hospitio

678 2383 823 2431 esse
867 2358 1321 2429 Atheniensium
1389 2382 1597 2439 usam;
1684 2362 1895 2431 solere
1943 2375 2145 2432 autem
2195 2386 2408 2434 omnes
2462 2365 2660 2433 sicubi
2712 2365 3056 2435 audiverint
3107 2368 3373 2435 alicuius
3429 2369 3691 2436 civitatis
3755 2368 4028 2457 hospites
4107 2387 4219 2457 pn-

672 2480 879 2548 blicos
919 2497 991 2545 se
1042 2497 1204 2557 esse,
1253 2480 1373 2545 iam
1416 2498 1455 2546 a
1489 2481 1697 2568 pueris
1750 2499 1973 2566 magua
2016 2483 2083 2548 in
2131 2501 2267 2549 eam
2318 2481 2752 2550 benevolentia
2800 2503 2962 2561 esse,
3013 2485 3074 2550 ei
3126 2486 3350 2572 optima
3385 2504 3668 2573 quaeque
3702 2504 3928 2573 cupere
3979 2496 4038 2549 et
4080 2494 4222 2573 post

674 2595 943 2666 natalem
990 2595 1245 2682 patriam
1295 2594 1603 2662 secundae
1631 2597 1866 2683 patriae
1914 2596 2060 2665 loco
2111 2596 2360 2667 habere.
2459 2595 2597 2665 Una
2647 2617 2771 2677 res,
2822 2618 2946 2686 qua
2995 2596 3150 2669 eafl
3174 2599 3663 2668 benevolentiam
3700 2614 4031 2689 spectatam
4070 2620 4215 2668 esse

676 2713 977 2789 arbitror,
1026 2712 1092 2779 in
1153 2712 1506 2779 coniectura
1576 2714 1779 2801 posita
1845 2724 1969 2793 est,
2027 2713 2174 2793 sed,
2222 2717 2285 2781 ni
2340 2714 2563 2792 fallor,
2614 2733 2739 2782 non
2786 2715 3196 2805 improbabili.
3291 2713 3537 2783 Etenim
3594 2715 3740 2783 filiis
3812 2719 3945 2784 suis
3987 2728 4047 2783 ut
4092 2719 4220 2806 pri·

675 2831 805 2898 vati
848 2827 1127 2896 homines
1183 2831 1430 2894 nomina
1488 2827 1701 2894 indere
1752 2829 2039 2897 solebant
2120 2850 2195 2897 ex
2274 2832 2530 2919 privatis
2589 2832 2738 2896 -suis
2824 2830 3200 2921 hospitibus,
3271 2833 3359 2897 ita
3437 2834 3694 2922 proxeni
3746 2853 3825 2899 ex
3890 2833 4220 2900 civitatium

675 2965 884 3014 earum
942 2944 1323 3020 nominibus,
1375 2964 1631 3032 quorum
1696 2949 1955 3034 proxeni
2026 2958 2271 3027 essent;
2333 2950 2426 3015 sic
2493 2947 2663 3017 Cimo
2728 2946 3356 3018 Lacedaemoniorum
3429 2969 3739 3038 proxenus
3793 2952 3897 3017 uni
3955 2949 4222 3018 filiorum

679 3061 1225 3146 Λακεδαιμονίου
1273 3055 1494 3128 nomen
1546 3062 1834 3149 imposuit
1865 3060 2026 3151 2ο“’);
2098 3061 2485 3132 Plataeensis
2546 3063 2795 3130 Λάκων
2844 3064 3474 3135 Lacedaemoniorum
3542 3077 3677 3134 erat
3748 3085 4059 3155 proxenus
4090 3065 4222 3157 ²⁶⁸)

677 3181 823 3249 hinc
887 3179 1209 3248 videndum
1264 3189 1359 3244 est
1413 3179 1613 3244 sintne
1664 3179 1937 3247 virorum
1991 3182 2273 3258 nomina,
2339 3199 2501 3268 quae
2568 3182 2914 3250 nominihus
2975 3184 3284 3250 civitatum
3365 3181 3468 3249 vel
3529 3182 3894 3272 populorum
3963 3203 4223 3272 respon-

683 3296 830 3364 dent
874 3306 942 3364 ut
979 3291 1393 3380 Ἀθήναιος,
1457 3275 1786 3375 Βοιωτός,
1835 3295 2136 3382 Δελφός,
2187 3292 2560 3384 Ἐρετριεύς
2578 3346 2601 3379 ,
2642 3293 3063 3385 Ἀμφίπολις
3081 3347 3103 3379 ,
3148 3299 3426 3385 Μάγνης
3439 3345 3463 3379 ,
3508 3302 3863 3390 Παταρούς
3881 3348 3903 3380 ,
3938 3294 4226 3381 Ἰταλία,

676 3415 1020 3500 Πέρινθος
1055 3409 1212 3495 ²⁸⁹),
1280 3410 1687 3492 Νικόπολις,
1748 3411 2049 3499 Μίλητος
2068 3466 2084 3494 ,
2131 3413 2356 3499 Σάμος
2370 3462 2391 3495 ,
2448 3407 2710 3490 Ῥόδιος
2786 3417 2945 3497 alia,
3018 3416 3163 3487 inde
3228 3417 3447 3507 partim
3525 3428 3663 3485 orta
3680 3471 3697 3499 ‚
3777 3418 3945 3510 quod
4010 3437 4224 3485 eorum

675 3530 952 3599 familiae
1028 3530 1380 3619 proxeniam
1446 3527 1769 3598 habuerint
1841 3529 2091 3598 illarum
2142 3535 2470 3600 civitatum.

971 3647 1050 3714 At
1111 3665 1262 3712 vero
1330 3646 1387 3712 si
1469 3649 1724 3736 proxeni
1805 3647 2012 3715 multis
2076 3650 2141 3715 in
2201 3648 2392 3717 rebus
2461 3650 2719 3717 aderant
2772 3650 3118 3719 civitatibus
3134 3704 3150 3731 ,
3226 3671 3484 3741 quarum
3549 3650 3816 3742 hospitio
3893 3664 4223 3732 uterentur,

679 3763 843 3862 apud
895 3782 1006 3831 eas
1022 3813 1039 3837 ,
1086 3779 1337 3848 quarum
1373 3764 1544 3830 cives
1607 3773 1854 3832 essent:
1903 3764 2220 3833 nonnullis
2276 3768 2339 3832 in
2406 3765 2596 3835 rebus
2651 3769 2832 3836 etiam
2893 3766 3150 3834 aderant
3196 3766 3296 3835 his
3352 3767 3515 3857 apud
3568 3766 3737 3837 illas.
3834 3766 4074 3837 Etenim
4121 3772 4231 3839 ubi

680 3900 803 3970 pax
848 3875 1293 3967 componenda,
1359 3876 1465 3946 nbi
1527 3877 1787 3950 foedera
1830 3879 2118 3949 facienda
2166 3892 2373 3959 erant,
2433 3881 2543 3949 ubi
2581 3883 2885 3970 agebatur
2935 3883 3015 3952 de
3072 3884 3538 3953 reconcilianda
3609 3887 3846 3970 gratia,
3934 3888 4224 3956 solebant

682 3998 961 4064 civitates
1011 3995 1253 4080 legatos
1318 4014 1430 4062 eos
1484 3996 1720 4064 mittere
1738 4048 1754 4075 ,
1818 3998 1924 4084 qui
1996 4016 2207 4064 earum
2265 4000 2605 4073 civitatum,
2645 3999 2760 4067 ·ad
2814 4019 2972 4089 quas
3032 3999 3448 4079 mittebantur,
3521 4002 3780 4092 proxeni
3829 4016 4069 4084 essent,
4143 4008 4227 4070 ita
4313 4060 4326 4072 .

681 4114 1084 4182 Athenienses
1150 4110 1492 4197 Cimonem,
1567 4132 1704 4180 cum
1771 4123 1943 4180 esset
2002 4116 2367 4183 ostracismo
2434 4115 2591 4182 urbe
2655 4119 2924 4194 eiectus,
3024 4126 3346 4205 antequam
3413 4119 3682 4205 quinque
3728 4122 3874 4186 anni
3941 4124 4228 4198 exissent,

682 4240 1049 4298 revocarunt
1097 4224 1211 4291 διὰ
1260 4227 1381 4310 τὴν
1428 4228 1792 4313 προξενίαν
1842 4228 2061 4328 „quod
2102 4229 2368 4319 hospitio
2419 4230 3045 4301 Lacedaemoniorum
3096 4232 3409 4312 utebatur,
3430 4245 3466 4268 “
3538 4237 3685 4320 quia
3729 4235 3964 4304 beilum
4026 4236 4223 4305 Lace-

685 4346 1158 4423 daemoniorum,
1205 4364 1328 4432 quo
1378 4356 1502 4411 tum
1548 4346 1937 4416 vehementer
1985 4346 2432 4434 premebantur,
2475 4370 2587 4438 per
2620 4349 2930 4418 Cimonem
2970 4368 3304 4437 proxenum
3355 4350 3680 4418 celerrinm
3710 4352 3926 4420 confici
3975 4371 4220 4439 pacem-

899 4561 1036 4636 ¹‘¹)
1075 4560 1411 4635 Thucydides
1453 4562 1760 4619 Pharsalins
1800 4564 2207 4621 Atheniensium
2261 4566 2466 4640 hospes
2519 4561 2770 4640 publicus
2822 4584 2944 4628 cum
2998 4567 3140 4622 sorte
3199 4583 3267 4622 eo
3311 4574 3558 4642 tempore
3614 4571 3834 4627 Athenis
3887 4576 4061 4639 esset'‚
4116 4589 4225 4645 qno

693 4664 878 4719 civitas
912 4658 1256 4717 vehementer
1295 4663 1560 4720 seditione
1601 4661 1907 4731 laborabat,
1948 4663 2275 4721 discordiam
2316 4666 2585 4738 dissipare
2628 4665 2865 4734 studuit,
2910 4667 3177 4738 enixeque
3199 4666 3559 4725 Athenienses
3604 4669 3839 4741 rogavit,
3880 4685 3949 4724 ne
3977 4669 4227 4728 hostibus

690 4778 866 4834 prope
898 4759 1274 4817 insidiantibus
1303 4764 1530 4835 patriam
1558 4762 1871 4838 perderent.
1928 4757 2369 4844 Thucydvlll,
2399 4770 2495 4824 92.
2662 4766 2803 4843 ¹⁸³)
2849 4760 3143 4845 Thucyd.
3173 4766 3270 4834 111,
3321 4768 3417 4833 70,
3446 4769 3561 4824 init.
3637 4817 3646 4826 .
3726 4765 3864 4843 ²⁶⁸)
3902 4762 4011 4827 Id.
4053 4771 4226 4838 V,⁴3.

702 4859 841 4934 ¹⁸⁸)
883 4860 944 4915 C.
985 4859 1026 4917 1.
1067 4859 1160 4917 Gr.
1201 4861 1376 4920 2526.
1542 4860 1679 4939 ²⁸⁶)
1721 4858 1903 4922 Ptat.
1941 4862 2009 4919 de
2049 4862 2192 4937 legg.
2235 4864 2275 4931 1,
2315 4867 2452 4925 642.
2635 4864 2773 4941 ²⁸²)
2821 4861 2994 4925 Plus.
3041 4863 3174 4921 Cim.
3220 4869 3312 4925 16.
3503 4866 3640 4940 ²⁸⁸)
3684 4860 3979 4949 Tluecyd.
4017 4870 4104 4936 111,
4132 4871 4227 4926 ⁵2.

704 4959 841 5034 ²⁸⁸)
889 4959 970 5014 Cf.
1010 4954 1201 5038 Pape
1228 4960 1421 5019 ·Lexic.
1462 4977 1624 5020 nom..
1648 4979 1861 5038 propr„
1884 4962 2071 5018 Graec.
2110 4973 2168 5037 ρ’.
2209 4969 2281 5034 2,
2330 4982 2381 5039 g.
2442 4967 2594 5022 euius
2635 4967 2827 5038 copiae
2869 4968 3054 5040 augeri
3108 4976 3340 5039 possunt
3392 4964 3701 5024 nominibus
3759 4969 3853 5035 iis,
3901 4983 4066 5040 qnae·
4100 4976 4231 5058 post

697 5056 1045 5140 Ἐρετριιὺς
1112 5058 1307 5119 addidi.
