4623 5882
2199 457 2366 467 —-—-
2507 458 2588 466 —-

608 615 729 657 νον
779 592 954 657 vocis
1000 609 1152 655 usus
1220 590 1283 653 iu
1335 585 1480 653 loco
1529 582 1789 671 quodam
1837 582 2086 649 Aeneae
2139 579 2379 651 Tactici
2412 587 2537 666 ⁷³);
2612 603 2689 651 eo
2742 585 2900 649 enim
2970 583 3112 651 loco
3180 584 3584 652 Casaubonus
3643 604 3721 652 ea
3769 606 3924 653 voce
3976 587 4169 671 signi-

611 709 784 777 ficari
852 705 1046 771 credit
1109 705 1430 793 „priorem
1487 701 1927 799 mercenarium
1949 707 2001 776 ,“
2071 694 2349 765 Orellius
2404 718 2577 777 eum,
2631 700 2784 787 uqni
2839 703 3257 768 mercenarios
3311 700 3756 781 conduxerit;“
3817 701 3964 769 mihi
4018 723 4188 771 non-.

606 828 746 893 dum
795 832 1068 898 constat,
1143 817 1290 907 quid
1338 817 1472 885 illic
1521 815 1839 883 indicetur.
1901 855 1977 866 —·
2086 810 2293 905 Ipsum
2344 812 2701 896 προξενίας
2753 815 3121 883 vocabulum
3170 829 3274 884 aut
3351 816 3662 906 „proxeni
3732 819 3865 885 s‘ive
3934 820 4169 909 publici

611 941 871 1030 hospitis
922 931 1269 1002 honorem⁸⁴
1337 944 1442 1001 aut
1492 986 1526 1012 ,‚
1549 936 1853 1000 decretum
1908 930 1984 999 de
2036 952 2112 999 eo
2164 930 2398 1000 honore
2450 931 2827 1000 conserendo
2879 931 3079 999 datum
3103 939 3138 966 ‘⁶
3190 934 3525 1019 significat,
3575 936 3664 1001 uti
3713 929 4060 1017 εὐεργεσία
4113 947 4172 1002 et

616 1056 934 1124 πολιτεία
982 1072 1106 1119 uon
1155 1061 1380 1119 tantum
1425 1050 1503 1117 de
1554 1045 1899 1134 εὐεργέτου
1953 1059 2014 1117 et
2061 1046 2348 1113 πολίτου
2398 1049 2634 1117 honore
2687 1058 2747 1116 et
2783 1047 3131 1116 conditione
3180 1049 3294 1117 sed
3346 1052 3525 1117 etiam
3576 1048 3655 1125 de
3706 1049 3954 1119 decreto
4004 1054 4172 1121 dice·

616 1177 840 1251 batur,
892 1191 1012 1258 quo
1065 1171 1120 1236 is
1168 1168 1370 1236 honor
1417 1166 1886 1244 confer-ebatum
1938 1167 2111 1254 prior
2160 1165 2524 1252 significatio
2574 1164 2777 1232 locum
2847 1162 3026 1231 habet
3075 1167 3138 1231 in
3220 1166 3430 1233 verbis
3476 1162 3739 1232 ἔδωκαν
3787 1167 4176 1254 προξενίαν,

616 1291 838 1360 altera'
861 1292 924 1355 in
970 1284 1180 1353 verbis
1231 1279 1631 1370 ἀναγράψαι
1680 1281 2063 1367 προξενίαν,
2130 1282 2323 1363 veluti
2371 1279 2443 1346 ἐν
2487 1280 2694 1375 στήλῃ
2745 1280 2978 1373 λιθίνῃ
3009 1279 3119 1368 ⁷⁴).
3181 1321 3257 1331 —
3370 1279 3585 1351 Restat
3633 1296 3999 1375 exponatur,
4071 1288 4180 1374 qui

626 1414 849 1476 factum
899 1404 1020 1479 sit,
1073 1411 1137 1468 nt
1188 1400 1514 1489 πρόξενος
1568 1400 1645 1466 de
1700 1399 1951 1490 publico
2005 1399 2244 1489 hospite
2295 1388 2635 1477 dicei-etun
2700 1419 2910 1467 verum
2980 1404 3344 1486 quamquam
3409 1418 3546 1466 cum
3608 1399 3911 1469 Ullrichio
3938 1400 4027 1489 ⁷⁵)
4079 1403 4177 1469 fa·
4223 1378 4232 1388 ⁶
4293 1400 4304 1411 ’

628 1546 773 1593 cere
821 1540 1080 1607 nequeo,
1134 1521 1232 1585 cui
1278 1521 1342 1585 in
1393 1540 1468 1587 eo
1520 1516 1714 1585 verbo
1765 1516 1903 1602 πρὸ
1951 1517 2406 1606 praepositione
2462 1514 2611 1581 nihil
2663 1534 2862 1582 novae
2913 1516 3181 1581 notionis
3232 1514 3409 1590 addi,
3475 1514 3591 1582 sed
3637 1516 3934 1607 simplicis
3986 1520 4180 1603 signi-

628 1642 829 1709 ficatio
881 1636 1098 1722 augeri
1150 1644 1380 1702 tantum
1427 1635 1705 1712 videtur,
1752 1633 1814 1700 id
1864 1633 2030 1723 qnod
2081 1635 2260 1701 etiam
2313 1629 2508 1699 credit
2554 1633 2617 1697 in
2667 1630 3046 1716 προβαθός,
3091 1628 3445 1717 πρόδηλος,
3493 1632 3859 1719 πρόκακος,
3905 1633 4193 1722 πρόπας,

628 1729 886 1829 cadere,
931 1764 1134 1819 tamen
1178 1753 1330 1840 quia
1385 1749 1651 1818 noudum
1706 1749 1904 1818 habeo
1955 1748 2121 1839 quod
2169 1747 2436 1836 liqueat,
2508 1747 2918 1836 ampliandum
2986 1748 3292 1827 arbitror,
3377 1753 3738 1838 praesertim
3806 1772 3942 1820 cum
3989 1774 4070 1821 ne
4118 1753 4186 1819 id

631 1874 874 1964 quidem
924 1879 1194 1945 constet,
1273 1878 1470 1935 utrum
1539 1868 1943 1934 communium
1995 1865 2299 1933 Graeciae
2361 1882 2440 1929 an
2492 1859 2932 1952 Spartanorum
2984 1876 3042 1932 et
3090 1862 3524 1951 Delphicorum
3572 1887 3983 1955 proxenorum
4030 1872 4187 1938 auti·

488 2044 547 2075 „
631 1992 813 2079 quior
861 1988 1038 2070 origo
1094 1987 1205 2060 sit3
1270 1982 1329 2051 hi
1386 1984 1543 2061 enim
1596 1984 1649 2049 si
1702 1984 2080 2069 antiquiores
2132 1992 2300 2059 sunt,
2369 1982 2430 2047 in
2482 1981 2619 2065 πρὸ
2686 1980 2809 2047 dici
2873 1980 3021 2048 licet
3069 1983 3278 2049 inesse
3341 1984 3753 2093 prospiciendi
3803 1988 3954 2063 vim,
4025 2006 4187 2075 quae

637 2118 733 2173 est
783 2107 845 2170 in
892 2099 1244 2184 πρόδικος,
1286 2102 1349 2166 in
1400 2103 1924 2184 προθυμεῖσθαι
1963 2097 2064 2175 εἰ..
2117 2100 2227 2164 sin
2261 2110 2479 2166 contra
2525 2096 2773 2165 illorum
2821 2099 3064 2186 priores
3117 2111 3257 2165 sunt
3306 2100 3579 2180 natales,
3629 2104 3767 2186 πρὸ
3816 2105 3881 2169 in
3932 2101 4189 2187 πρόξε-

637 2244 749 2297 νος
780 2222 1050 2288 l'ortasse
1103 2216 1359 2285 eundem
1392 2216 1797 2302 significatum
1846 2214 2060 2291 habet,
2110 2216 2217 2302 qui
2263 2216 2426 2282 inest
2467 2217 2531 2283 in
2578 2212 2957 2299 προφανής,
3009 2215 3073 2280 in
3123 2213 3558 2302 πρόγραμμα,
3607 2221 3992 2307 προγραφή,
4021 2243 4191 2305 προ-

644 2338 1022 2424 κηρύσσειν,
1059 2333 1546 2425 προαγορεύειν
1582 2333 1644 2399 id
1686 2344 1782 2402 est
1832 2330 2156 2421 „publicae
2189 2332 2339 2398 rei.“
2409 2329 2673 2399 Tantum
2721 2330 2801 2398 de
2849 2329 3235 2411 nominibus,
3286 2331 3606 2402 dicendum
3657 2339 3776 2405 iam
3828 2349 3924 2406 est
3972 2338 4051 2405 de
4099 2360 4190 2406 re.

840 2456 907 2522 4.
1011 2451 1326 2519 Proxeuos
1373 2449 1744 2519 honorarios
1797 2450 1902 2538 qui
1955 2447 2260 2515 Graeciae
2329 2468 2678 2517 communes
2743 2458 2950 2525 erant,
3014 2467 3158 2514 esse
3207 2446 3475 2519 Homero
3539 2458 3918 2541 posteriores
3969 2452 4196 2522 Eusta-

643 2576 807 2643 thius
836 2566 923 2660 ⁷⁶)
1013 2570 1293 2658 scripsit;
1377 2569 1680 2653 originem
1747 2586 1958 2634 eorum
2027 2558 2111 2631 ex*
2167 2564 2403 2652 privata
2461 2562 2873 2653 hospitalitate
2939 2561 3231 2633 heroicae
3294 2569 3514 2636 aetatis
3582 2570 3973 2659 repetendam
4027 2591 4192 2649 esse,

646 2711 807 2781 quae
858 2684 1017 2776 apud
1069 2684 1346 2751 Graecos
1396 2704 1520 2752 non
1571 2693 1796 2750 tantum
1858 2681 1938 2749 ab
1991 2680 2190 2749 doctis
2254 2679 2602 2748 hominihus
2661 2664 3210 2749 ‘commendabatur
3257 2682 3679 2765 vehementer,
3759 2686 3872 2754 sed
3938 2686 4194 2754 deorum

655 2810 830 2874 etiam
883 2802 1302 2891 hospitalium,
1354 2799 1520 2869 Iovis
1572 2800 1865 2888 imprimis
1915 2796 2328 2884 religionibus
2374 2806 2740 2864 consecrata
2790 2808 2955 2877 erat,
3026 2797 3263 2865 erudite
3314 2804 3594 2890 exposuit
3649 2800 4006 2871 UllricbiuS.
4070 2805 4193 2869 An·

648 2921 973 3012 tiquissimi
1042 2925 1279 2995 antem,
1345 2920 1449 3007 qui
1514 2925 2063 2984 commemorantur
2126 2915 2413 3003 proxeni,
2487 2924 2626 2981 sunt
2673 2912 3027 2983 Alexander
3076 2911 3456 2997 Philhellen,
3520 2916 3929 2989 Macedoniae
3975 2941 4088 2989 rex
4138 2933 4198 2990 et

648 3040 956 3109 Arthmius
1013 3033 1220 3101 Zelita
1269 3046 1453 3122 atque
1501 3031 1841 3100 Alcibiadis
1909 3044 1969 3100 et
2039 3029 2281 3098 Calliae
2329 3030 2639 3110 familiae,
2713 3028 2811 3097 illi
2871 3029 3362 3112 Atheniensium,
3430 3033 3488 3102 hi
3541 3035 3983 3125 Spartanorum
4052 3059 4197 3128 pro-

648 3158 823 3234 xeni3
903 3154 1121 3221 etenim
1174 3171 1384 3218 eorum
1435 3152 1698 3226 omnium
1743 3151 2043 3237 proxenia
2092 3146 2282 3215 bellis
2334 3145 2609 3214 Persicis
2658 3145 2898 3215 videtur
2946 3146 3260 3236 aliquanto
3314 3154 3621 3239 antiquior
3668 3153 3887 3220 fuisse.
3930 3153 4197 3222 Alexan-

652 3274 793 3348 der,
842 3267 1022 3360 q‘nem
1072 3267 1467 3344 Mardonius,
1519 3265 1683 3355 qnod
1716 3265 2172 3332 Atheniensium
2225 3274 2394 3331 esset
2445 3261 2798 3346 πρόξεινός
2850 3286 2922 3330 τε
2976 3269 3087 3329 καὶ
3140 3260 3480 3353 εὐεργέτης
3527 3291 3576 3336 s.
3626 3292 3696 3334 π.
3740 3293 3795 3334 τ.
3836 3273 3947 3334 καὶ
3982 3272 4201 3357 φίλος,

652 3402 793 3482 post
839 3386 1237 3454 Salaminium
1289 3382 1588 3472 proelium
1623 3381 1892 3449 Athenas
1941 3381 2210 3468 legatum
2247 3382 2410 3448 misit
2437 3379 2547 3469 ⁷⁷),
2589 3385 2901 3471 primusne
2941 3382 3127 3450 suerit
3164 3386 3367 3468 gentis
3402 3405 3554 3453 suae
3584 3385 4036 3455 Atheniensium
4087 3389 4199 3455 ho-

652 3526 801 3596 spes
838 3502 1121 3595 publicus
1157 3521 1237 3567 au
1267 3502 1385 3568 iam
1428 3518 1467 3565 a
1501 3498 1838 3567 maioribus
1873 3498 2155 3566 traditum
2190 3497 2514 3587 hospitium
2549 3497 2830 3567 habuerit
2866 3500 3205 3598 ignoratur.
3244 3498 3410 3569 ldem
3437 3502 3603 3570 valet
3637 3506 3702 3569 in
3725 3503 4057 3571 Arthmium
4083 3501 4203 3570 Ze-

653 3623 823 3690 litam
874 3618 1265 3705 Pythonactis
1316 3613 1435 3696 fil.;
1484 3614 1644 3682 hunc
1693 3634 2027 3705 proxennm
2058 3614 2255 3682 fuisse
2288 3612 2745 3682 Atheniensium
2778 3635 2937 3682 unus
2968 3616 3309 3684 Aeschines
3338 3618 3429 3702 ⁷⁸)
3480 3617 3660 3697 dicit;
3697 3618 3989 3697 eundem,
4037 3621 4206 3708 quod

657 3736 909 3807 Medica
958 3735 1219 3824 pecunia
1267 3730 1577 3811 Graecos,
1628 3733 1921 3822 imprimis
1942 3730 2434 3820 Peloponnesios
2487 3749 2882 3820 corrumpere
2907 3741 3191 3800 conatus
3242 3745 3443 3812 esset,
3492 3734 3853 3824 plebisscito
3877 3733 4206 3804 Athenien-

660 3856 816 3922 sium
844 3905 859 3929 ,
908 3850 1077 3939 quod
1128 3858 1388 3934 rogante
1440 3846 1863 3916 Themistocle
1888 3849 2082 3915 ‘esset
2130 3847 2350 3923 latum,
2416 3844 2878 3938 Atheniensium
2929 3858 2990 3914 et
3038 3849 3349 3918 sociorum
3395 3848 3634 3919 hostem
3681 3870 3828 3918 esse
3876 3850 4208 3923 indicatum

656 3970 1184 4061 proscriptumque
1246 3973 1310 4033 nt
1360 3963 1439 4031 ab
1488 3985 1611 4033 uno
1663 3984 1908 4055 quoque
1957 3965 2202 4053 impune
2251 3962 2508 4030 interfici
2559 3974 2792 4052 posset,
2807 3993 2824 4034 ·.
2843 3963 3015 4032 multi
3065 3968 3397 4033 memoriae
3449 3966 3813 4035 mandarunt
3839 3965 4034 4056 ⁷⁹).—
4062 3968 4206 4035 Evi-

663 4086 905 4153 dentius
955 4082 1363 4151 demonstrari
1414 4092 1617 4171 potest
1669 4079 2007 4149 Galliarum
2055 4090 2139 4146 «et
2185 4077 2575 4147 Alcibiadnm
2627 4082 2980 4169 proxeniam
3030 4078 3305 4150 Persicis
3373 4083 3749 4174 temporibus
3799 4087 4204 4174 antiquiorem

656 4223 824 4271 esse.
927 4199 1163 4268 Gallias
1215 4200 1373 4266 enim
1422 4194 1510 4264 111
1537 4197 1627 4282 ⁸⁰)
1679 4218 1812 4265 cum
1865 4196 2320 4264 Atheniensium
2372 4193 2618 4282 legatus
2666 4193 3132 4264 Lacedaemone
3181 4209 3380 4279 esset,
3429 4199 3755 4289 hospitium
3797 4197 4213 4269 Lacedaemo-

656 4322 898 4387 niorum
947 4317 1095 4385 dixit
1118 4316 1209 4400 ⁸¹)
1277 4314 1399 4385 sibi
1462 4335 1588 4382 non
1648 4316 1772 4385 soli
1825 4335 1969 4381 esse
2036 4310 2150 4379 sed
2210 4311 2495 4379 traditum
2574 4314 2696 4381 iam
2747 4315 2827 4381 ab
2877 4335 2996 4381 αυο
3044 4325 3112 4381 αι
3170 4326 3503 4397 paternum
3549 4320 3717 4403 genti
3767 4336 3937 4385 snae.
4048 4313 4212 4390 lllud

876 4615 979 4693 ¹¹⁸)
1018 4609 1192 4674 Aen.
1232 4613 1379 4673 Taet.
1411 4631 1463 4674 c.
1501 4620 1601 4672 22.
1779 4615 1878 4692 Ἡ)
1920 4616 2061 4673 C.-1.
2105 4616 2279 4673 1841.
2318 4619 2505 4685 2144,
2545 4616 2602 4674 h.
2644 4620 2832 4687 2264,
2877 4624 2930 4675 1.
2973 4618 3045 4674 cf.
3076 4612 3367 4677 Boeo-kh·
3413 4619 3467 4677 in
3507 4620 3567 4677 C.
3609 4621 3649 4676 1.
3686 4618 3862 4677 2354.
4036 4617 4134 4696 ⁷⁸)
4174 4619 4213 4676 1.

663 4738 714 4778 c.
752 4719 924 4794 p.43.
1057 4709 1157 4787 Ἠ3)
1203 4707 1506 4774 Ενεΐαίἶι.
1530 4717 1585 4773 in
1614 4715 1676 4772 11.
1704 4718 1788 4792 Γ,
1830 4717 2038 4791 ρ.405.
2076 4710 2184 4778 τὸν
2222 4712 2288 4778 δὲ
2327 4720 2519 4779 ταῦτα
2559 4722 2861 4792 ποιοῦντα
2899 4714 3195 4799 πρόξενον
3232 4716 3488 4783 ἐκάλουν
3528 4719 3607 4782 οἱ
3652 4715 3818 4795 μεθ’
3843 4707 4212 4800 ”Ομηρον.

667 4818 770 4895 ¹¹⁷)
810 4810 1133 4876 Herodot.
1171 4813 1312 4884 vul,
1360 4818 1493 4873 136.
1537 4816 1671 4874 143.
1708 4808 2011 4874 Aristidi.
2045 4816 2265 4872 Plataie.
2313 4826 2451 4872 orat.
2496 4836 2552 4892 p.
2577 4819 2713 4877 250.
2772 4817 2926 4894 (⁹121.
2974 4837 3030 4893 p.
3051 4823 3186 4875 233.
3229 4819 3413 4897 Dind.)
3514 4813 3611 4891 ¹¹⁸)
3641 4809 3966 4877 Aeschin-
4012 4835 4062 4875 c·
4097 4819 4212 4875 Cte-

663 4920 807 4997 siph.
840 4936 896 4993 p.
922 4918 1061 4976 647.
1262 4918 1285 4951 '¹
1304 4912 1361 4992 ⁹)
1407 4915 1489 4972 Cf.
1527 4910 1801 4995 Taylor.
1828 4916 1884 4971 in
1919 4910 2111 4974 Dent.
2145 4914 2212 4971 de
2250 4914 2292 4971 f.
2323 4915 2362 4971 1.
2396 4919 2530 4984 428,
2577 4923 2635 4974 2.
2714 4914 2951 4978 Meis-r.
2995 4919 3061 4976 de
3098 4918 3226 4977 hon.
3272 4922 3449 4979 damn.
3480 4919 3684 4992 p.102.
3864 4918 3962 4992 ⁸⁰)
4002 4916 4218 4991 Sequor

662 5026 718 5081 in
758 5015 1105 5075 numerandis
1159 5015 1341 5073 Galliis
1385 5017 1625 5073 rationes
1652 5008 1989 5073 Boeckln‘i
2017 5016 2145 5072 Oce.
2185 5014 2295 5071 civ.
2336 5016 2460 5071 Ath.
2509 5017 2584 5084 ll,
2625 5036 2683 5092 p.
2723 5018 2813 5075 15.
2999 5017 3096 5096 ⁸¹)
3149 5012 3455 5099 Xenoph·
3497 5017 3563 5074 H.
3616 5017 3708 5074 Gr.
3740 5017 3836 5085 vl,
3884 5021 3953 5082 3,
3992 5017 4060 5071 4.
4106 5012 4220 5096 „jv

666 5116 782 5197 μὲν
821 5112 1142 5194 προξενίαν
1177 5106 1356 5190 ὑμῶν
1400 5105 1519 5179 οὐκ
1560 5108 1675 5193 ἐγώ
1722 5105 1917 5189 μόνος
1952 5101 2101 5174 dud
2139 5095 2243 5175 iat
2279 5106 2508 5192 πατρὸς
2537 5109 2738 5194 πατήρ
2777 5109 3065 5200 πατρῴαν
3105 5117 3258 5197 ἔχων
3300 5116 3630 5193 παρεδίδου
3667 5117 3757 5195 ²⁹3
3793 5110 3972 5195 γένει.
4015 5098 4024 5108 ’
