4623 5882
2325 291 2534 356 lo.

599 517 657 571 et
706 505 1049 575 Aeschines
1100 503 1347 573 illorum
1397 502 1741 588 legatorum
1792 522 1897 570 res
1946 523 2071 571 non
2120 501 2305 571 aliter
2352 522 2614 572 curasse
2649 503 2965 583 dicantur,
3016 526 3196 594 quam
3247 494 3510 596 proxeni'
3552 472 3722 575 soliti
3776 509 3898 574 sint
3948 527 4162 576 earum

601 624 903 688 civitatum
961 642 1066 687 res
1115 641 1305 689 curae
1378 619 1644 697 habere,
1713 639 1971 707 quarum
2021 620 2247 687 suerint
2308 620 2541 710 publici
2607 620 2918 710 hospitem
3001 643 3202 710 neque
3254 624 3439 692 aliter
3502 623 3989 710 intellegendum
4043 638 4162 700 est,

601 738 765 825 qnod
833 736 1316 823 Hecatonymum
1380 735 1784 824 Sinopensem
1852 733 2201 826 Xenophon
2226 734 2317 824 ⁹⁶)
2398 736 2669 823 Cotylae
2719 748 3008 826 satrapae
3075 750 3133 806 et
3185 742 3367 825 regis
3411 740 3870 831 Paphlagoniae
3935 761 4162 830 proxe-

599 875 737 920 num
792 853 958 920 dicit.
1020 895 1094 923 —.-

895 968 1257 1040 Proxeniam
1319 974 1509 1057 igitur
1556 969 1929 1037 decernebat
1978 970 2231 1048 civitas,
2295 971 2360 1038 id
2406 982 2501 1040 est
2563 974 2783 1041 concio
2837 992 2973 1041 cum
3026 981 3274 1051 senatu3
3345 970 3528 1040 huius
3606 974 3765 1041 enim
3827 976 4160 1043 auctoritas

601 1088 827 1175 ubique
881 1089 1315 1156 intercessisse
1366 1086 1634 1165 videtur,
1707 1088 1889 1153 etiam
1957 1085 2063 1152 ubi
2131 1088 2195 1153 in
2242 1086 2509 1157 decretis
2555 1090 2896 1179 proxeniae
2957 1109 3078 1157 non
3148 1087 3378 1156 diserte
3429 1101 3971 1167 commemoratur,
4048 1091 4160 1158 sed

601 1205 744 1273 sola
786 1202 1025 1281 πόλις,
1064 1199 1310 1288 δῆμος,
1358 1194 1557 1281 ettad,
1605 1202 1708 1270 vel
1742 1202 1820 1266 τὸ
1870 1201 2101 1273 κοινόν
2148 1205 2496 1273 nominatur
2524 1205 2637 1292 ⁹⁷).
2661 1246 2739 1257 —
2799 1206 3147 1292 Antiquitas
3215 1216 3415 1272 autem
3481 1207 3538 1272 is
3600 1184 3802 1274 honor
3862 1226 3990 1273 non
4055 1205 4163 1272 de-

608 1321 924 1389 ferebatur
975 1314 1111 1411 ,nisi
1176 1323 1524 1412 peregrinis
1582 1322 1661 1387 iis
1681 1373 1697 1398 ,
1773 1323 1877 1408 qui
1925 1323 2181 1410 primum
2255 1323 2320 1387 in
2386 1324 2633 1391 civitate
2684 1341 2801 1390 sua
2867 1323 3200 1411 principem
3258 1320 3560 1408 quendam
3612 1321 3818 1390 locum
3867 1334 4173 1399 tenerent,·

597 1459 757 1526 quos
808 1450 1135 1523 evergetas
1186 1459 1339 1506 suos
1389 1438 1621 1506 habere
1687 1449 1745 1505 et
1800 1436 2012 1504 dicere
2063 1457 2188 1516 non
2240 1448 2410 1506 esset
2457 1437 2751 1507 dedecori
2802 1437 3218 1526 reipublicae,
3271 1436 3494 1505 deinde
3541 1439 3605 1505 in
3658 1458 3793 1506 eam
3841 1441 4160 1516 civitatem,

599 1575 763 1642 quae
812 1557 985 1642 ipsos
1036 1555 1301 1645 hospitio
1362 1555 1613 1644 publico
1664 1565 1945 1633 ornaret,
2015 1565 2137 1621 tum
2198 1555 2551 1621 universam
2597 1565 2722 1622 tum
2787 1556 2850 1622 in
2901 1557 3074 1622 cives
3152 1555 3289 1621 eius
3358 1553 3720 1640 singulatim
3791 1575 4163 1647 propensam

599 1672 971 1740 voluntatem
1022 1675 1426 1760 eximiumque
1480 1671 1745 1740 studium
1795 1673 1916 1738 iam
1966 1670 2317 1739 luculenter
2364 1671 2913 1760 comprobassent,
2969 1672 3265 1760 imprimis
3313 1691 3466 1739 vero
3512 1670 3897 1756 singularem
3943 1671 4158 1760 hospi·

596 1786 887 1854 talitatem
936 1789 1016 1857 iis
1068 1778 1530 1876 praebuissent,
1597 1789 1703 1875 qui
1752 1786 1927 1885 illinc
1978 1786 2228 1875 publice
2281 1787 2684 1876 privatimque
2749 1788 2816 1855 in
2866 1807 3017 1855 suas
3059 1787 3247 1854 urbes
3299 1790 3649 1874 venissent,
3717 1809 3950 1877 eosque
4000 1791 4162 1856 omni

595 1904 935 1972 officiorum
988 1923 1220 1989 genere
1272 1903 1633 1972 coluissent.
1684 1902 1753 1969 ld
1807 1905 1987 1971 etiam
2036 1905 2101 1970 iu
2148 1903 2485 1991 proxeniae
2522 1901 2789 1973 decretis
2843 1904 2993 1992 (nisi
3038 1905 3091 1971 si
3137 1923 3297 1991 quae
3321 1902 3432 1992 ⁹⁸),
3484 1913 3550 1971 ut
3592 1902 3891 1993 pleraque
3941 1902 4190 1979 omnia,‘

595 2041 755 2108 quae
804 2021 884 2088 ab
912 2017 1194 2087 .ἒ’δωκαν
1241 2023 1567 2110 incipiunt,
1630 2032 1879 2110 propter
1930 2019 2291 2087 brevitatem
2339 2021 2503 2086 omni
2555 2031 2769 2089 carent
2840 2020 3095 2090 exordio
3165 2032 3223 2088 et
3299 2021 3558 2089 rationis
3622 2023 4006 2111 expositione
4068 2022 4163 2088 ni·

596 2136 810 2224 hilque
860 2139 1169 2205 continent
1212 2149 1459 2227 praeter
1525 2136 1781 2205 honoris
1847 2135 2249 2221 delationem)
2323 2136 2388 2201 in
2455 2137 2712 2205 exordio
2773 2141 3124 2227 exponitur,
3204 2148 3294 2207 et.
3345 2135 3704 2226 plerumque
3756 2136 3999 2225 quidem
4049 2156 4161 2223 ge?

597 2254 853 2320 neratim
914 2253 1005 2337 ⁹⁹)
1072 2264 1610 2332 commemoratur,
1693 2251 1868 2320 illum
1957 2250 2182 2319 bonum
2253 2246 2581 2340 (ἀγαθόν)
2600 2305 2617 2332 ,
2712 2265 2817 2323 aut
2902 2253 3271 2323 benevolum
3365 2249 3700 2342 (εὔνουν),
3783 2264 3888 2321 aut
3954 2242 4163 2341 hospi'·

598 2556 696 2619 σοὶ
718 2554 1005 2620 κατέλυον
1047 2554 1444 2638 Αίσχίνη“κα“ι
1482 2550 1557 2619 σύ
1592 2549 1943 2638 προύξένεις
1971 2546 2201 2618 αὐτοῖν.
2330 2554 2428 2633 ss)
2477 2549 2781 2634 Xenoph.
2812 2553 2981 2611 Anah.
3016 2555 3075 2623 V,
3112 2559 3168 2624 6,
3214 2561 3307 2617 ll.
3436 2552 3534 2631 ⁹¹)
3576 2554 3929 2613 Decretorum
3970 2571 4163 2629 proxe-

597 2658 717 2713 niae
756 2656 955 2732 duplex
988 2664 1174 2731 potest
1210 2657 1387 2714 forma
1427 2655 1716 2730 distingui,
1759 2656 1982 2713 brevior
2025 2655 2195 2712 altera
2227 2655 2462 2734 Δελφοὶ
2493 2656 2727 2719 ἔδωκαν
2767 2649 3085 2731 (ΒοεοΗι.
3130 2658 3301 2715 1691.
3343 2648 3522 2715 Cart.
3553 2656 3633 2712 47
3662 2650 3843 2730 sqq.)‚
3906 2658 4165 2731 Λαμιεῖς

596 2756 831 2821 ἔδωκαν
885 2751 1245 2835 (Stephani
1288 2775 1384 2815 no.
1425 2759 1518 2816 19.
1551 2760 1643 2815 17.
1678 2755 1837 2834 28.),
1880 2757 2390 2839 Μεσσαμβριανοὶ
2444 2757 2676 2820 ἔδωκαν
2734 2748 3051 2832 (Boeo-kh.
3093 2757 3281 2821 2053,
3319 2752 3429 2831 c.)‚
3487 2747 3555 2818 τὸ
3595 2747 3842 2833 κοινὰν]
3890 2756 4014 2815 τοῖν
4053 2754 4162 2831 Ag}

603 2842 1075 2922 νιάνωνέδωκε
1126 2852 1380 2935 (Leuke
1416 2856 1583 2935 19.),
1642 2875 1752 2932 quo
1806 2874 1976 2933 magis
2018 2858 2298 2915 insolitum
2351 2866 2437 2915 est
2476 2858 2542 2921 οἳ
2596 2854 2930 2918 ‘statutos
2988 2854 3272 2918 ἔδοσαν
3317 2846 3785 2932 (butenen
3843 2853 4013 2910 altera
4055 2863 4162 2909 ant·-

598 2960 779 3035 plior‚
828 2976 968 3033 quae
1017 2960 1181 3035 ἔδοξε
1224 2959 1310 3017 vel
1361 2955 1649 3041 δεδόχθαι
1686 2961 1957 3028 continet3
2008 2960 2064 3016 in
2107 2959 2279 3016 titulis
2324 2958 2485 3016 huius
2524 2958 2732 3015 formae
2771 2966 2864 3014 aut
2904 2957 3105 3031 legitur
3143 2957 3306 3034 ἔδοξε
3351 2961 3431 3045 τῇ
3470 2958 3667 3040 βουλῇ
3717 2953 3821 3020 καὶ
3865 2959 3954 3036 τᾷ
3990 2949 4161 3042 δήμω

600 3059 791 3132 (113111ῑί
821 3057 879 3114 C.
914 3059 953 3114 l.
979 3076 1072 3116 no.
1102 3064 1198 3118 90.
1229 3061 1404 3119 2353.
1438 3059 1570 3139 al.,)
1616 3060 1704 3125 36.
1749 3065 1828 3145 τᾷ
1870 3062 2068 3144 βουλᾷ
2098 3082 2157 3123 ιι.
2190 3082 2244 3122 τ.
2295 3056 2471 3145 δάμῳ
2512 3056 2724 3137 (2053,
2753 3057 2872 3136 h.,)
2913 3059 2998 3122 ἔδ.
3051 3064 3129 3145 τῇ
3180 3058 3495 3143 συγκλήτῳ
3544 3057 3648 3121 καὶ
3696 3060 3785 3119 ‘roi'
3825 3052 3995 3135 δήμῳ
4039 3057 4161 3122 τῶν

598 3160 954 3224 Μελιταίων
997 3152 1273 3236 (Gruter
1303 3177 1360 3234 p.
1387 3159 1551 3238 400.)
1595 3161 1639 3224 ἔ.
1671 3165 1750 3247 τῇ
1783 3153 1924 3245 αλιᾷ
1955 3154 2123 3226 καθά
2154 3159 2261 3224 καὶ
2295 3164 2372 3245 τᾷ
2418 3155 2733 3245 συγκλήτω
2796 3157 2905 3236 (tit.
2941 3161 3130 3236 Agrig.
3163 3178 3250 3235 ap.
3279 3153 3476 3217 eund.
3507 3176 3563 3233 p.
3600 3156 3796 3235 401.),
3854 3165 3945 3213 aut
3986 3156 4160 3212 solum

597 3261 762 3337 ἔδοξε
802 3266 875 3346 τὰ
914 3254 1086 3323 πόλει
1151 3258 1232 3334 (in
1281 3258 1484 3316 decret.
1514 3261 1846 3319 Geronthrit.
1892 3261 1951 3317 C.
1983 3261 2024 3316 1.
2054 3262 2262 3330 1334.,
2318 3261 2373 3317 in
2413 3260 2681 3319 Chaliensi
2724 3261 2911 3329 1567,
2977 3261 3032 3316 in
3073 3258 3288 3316 duobus
3334 3257 3657 3315 Lamiensib.
3698 3275 3787 3333 ap.
3836 3245 4167 3336 Stepbam'

598 3380 692 3419 no.
722 3366 818 3420 16.
849 3365 965 3437 17.
1001 3362 1055 3417 in
1084 3358 1344 3434 Delphico
1386 3378 1474 3435 ap.
1512 3356 1688 3421 Curt.
1720 3379 1813 3419 no.
1844 3357 2004 3437 46.),
2069 3359 2119 3424 ἔ.
2168 3365 2258 3444 τῷ
2301 3366 2496 3424 κοινοῖ
2544 3385 2666 3441 τφν
2713 3362 3226 3439 Λακεδαιμονίων
3270 3354 3700 3438 (c.1.1535.‚)
3760 3357 3808 3421 ἔ.
3856 3361 3944 3441 τῷ
3996 3350 4164 3444 δάμῳ

512 3500 519 3507 .
602 3460 883 3536 (Orchom.
926 3458 1160 3536 1564.),
1223 3456 1269 3522 ἔ.
1316 3464 1393 3543 τῇ
1444 3452 1586 3544 ἆλιᾷ
1638 3460 1894 3538 (Corcyr.
1928 3462 2078 3518 1841
2116 3457 2264 3538 sq.)‚
2328 3456 2620 3543 δεδόχθαι
2664 3465 2741 3547 τᾷ
2785 3456 2956 3524 πόλει
2998 3458 3281 3538 (Delphic.
3325 3476 3413 3535 ap.
3445 3455 3649 3521 Ross.
3686 3456 3843 3535 67.),
3899 3449 4162 3537 δεδόχθη

599 3566 675 3624 τῦ
716 3557 877 3640 §Apo
923 3559 1190 3636 (Tanagr.
1230 3563 1381 3619 1562
1420 3559 1534 3638 sq.)
1735 3560 1833 3639 ⁹⁸)
1877 3562 1988 3630 CL,
2042 3569 2105 3618 ut
2132 3562 2216 3619 his
2258 3570 2412 3632 utar,
2454 3578 2547 3619 no.
2573 3565 2746 3620 1334.
2783 3564 2956 3622 1542.
2987 3561 3424 3620 1563-1566.
3458 3561 3631 3618 1793.
3670 3561 3843 3618 1841.
3884 3559 4056 3615 1844.
4093 3557 4161 3613 al.

598 3664 855 3731 Decreta,
898 3678 1036 3734 qnae
1080 3658 1313 3724 ἔδωκαν
1358 3662 1668 3746 epntinent,
1707 3663 2001 3746 memoravi
2039 3679 2208 3737 supra
2247 3671 2366 3720 not.
2383 3666 2481 3721 97.
2645 3660 2743 3738 ”)
2785 3661 2872 3720 Fit
2902 3662 3008 3720 hoc
3050 3660 3369 3720 brevissime
3411 3661 3468 3719 in
3515 3660 3675 3718 titulo
3707 3657 3967 3734 Delphico
4020 3659 4164 3734 apud

603 3758 776 3821 Cure.
801 3764 899 3822 64.
943 3753 1220 3840 εὖεργίτᾳ
1256 3758 1451 3843 έόντι,
1495 3763 1550 3819 in
1581 3762 2070 3822 Thaumacensibus
2108 3762 2168 3819 C.
2212 3762 2254 3820 l.
2300 3766 2456 3822 1772
2486 3779 2573 3837 sq.
2621 3756 2756 3826 ὄντι
2802 3754 3083 3848 εὖεργέτᾳ
3120 3756 3345 3837 αὖτᾶς,
3384 3760 3440 3817 in
3470 3759 3700 3835 Cymaeo
3730 3760 3883 3818 3523
3934 3755 4164 3843 εὐεργέ-

601 3880 757 3923 ταισι
785 3857 1080 3938 έόντεσσι,
1122 3862 1176 3917 111
1218 3862 1442 3936 reliqais
1480 3864 1652 3920 titulis
1690 3864 1743 3919 in
1775 3863 1917 3920 hunc
1961 3861 2075 3919 sere
2124 3862 2376 3919 modum:
2417 3854 2625 3943 ίπειδή
2678 3893 2755 3903 -
2843 3855 3072 3946 ὕεργέ
3086 3885 3228 3942 της
3267 3861 3495 3943 ίγένετο
3545 3864 3660 3925 τοῦ
3703 3859 3880 3940 ἱερου·
3929 3860 4167 3938 καὶτοῖς
4207 3853 4214 3866 ’

601 3960 847 4035 πόλιος,
899 3957 972 4022 τὰ
1014 3959 1216 4023 δίκαια
1257 3959 1545 4043 πράσσων
1593 3959 1877 4041 (Delphic.
1936 3962 2075 4019 titul.
2119 3980 2207 4037 ap.
2250 3958 2427 4022 Cart.
2460 3961 2619 4040 46.),
2659 3883 2863 4042 ἔπεὰ
2911 3958 3073 4043 α’νήρ
3115 3954 3419 4042 α’γαθός
3458 3962 3581 4027 έστι
3621 3959 3760 4042 περὶ
3814 3957 3921 4024 τὸν
3966 3962 4163 4040 δῆμον

601 4057 713 4124 τόν
742 4052 1100 4141 Ἐρετρίεων
1137 4057 1227 4139 (C.
1263 4060 1301 4117 l.
1340 4065 1527 4132 2144,
1567 4061 1652 4140 b.)
1709 4061 1757 4126 ἔ.
1807 4054 1868 4124 α’.
1915 4052 1972 4123 ά.
2016 4061 2065 4126 ἔ.
2115 4065 2257 4142 περί
2293 4085 2356 4126 τε
2405 4058 2473 4127 τό
2527 4058 2693 4146 ίερόν
2746 4063 2851 4127 καὶ
2895 4057 3012 4143 τήν
3047 4056 3224 4125 πόλιν
3267 4069 3391 4127 ταῖν
3431 4065 3680 4143 Δηλίων
3715 4061 3844 4144 peni
3898 4065 4064 4145 χρεί
4079 4085 4165 4134 ας

604 4163 939 4228 διατελεῖ
975 4156 1524 4243 παρεχόμενος
1572 4163 1820 4239 Δηλίων
1866 4167 1996 4237 τοῖς
2056 4159 2527 4247 έντυγχάνουσιν
2572 4156 2740 4243 αὐτῷ
2793 4164 2897 4229 καὶ
2943 4167 3128 4251 κοινῇ
3166 4164 3270 4227 καὶ
3308 4165 3435 4247 ἰδίᾳ
3476 4161 3591 4239 (ih.
3638 4160 3874 4241 2267.),
3916 4197 3983 4207 -
4015 4160 4062 4226 ί.
4100 4153 4166 4234 α’,

604 4257 669 4326 ά.
704 4260 751 4325 ἐ.
792 4284 856 4323 π.
892 4285 942 4320 τ.
980 4258 1148 4340 ἱερὸν
1177 4260 1282 4324 καὶ
1314 4258 1426 4324 τόν
1466 4262 1722 4342 δῆμον
1759 4267 1887 4327 τῶν
1924 4267 2077 4344 Δηλ.
2120 4286 2178 4327 ιι.
2209 4288 2265 4344 χ.
2305 4264 2727 4347 παρέχεται
2768 4266 2872 4330 καὶ
2918 4270 3099 4351 κοινῇ
3144 4269 3222 4353 τῇ
3248 4262 3416 4330 πόλει
3451 4264 3560 4327 καὶ
3619 4262 3743 4347 ἰδίᾳ
3791 4270 3917 4337 τοῖς
3959 4262 4162 4344 ἐντυγ-

604 4387 738 4442 χαν.
764 4355 931 4443 αὐτῷ
973 4366 1096 4424 ταῖν
1145 4366 1411 4426 πολιτῶν
1455 4359 1733 4441 (2268),
1773 4362 1822 4428 ί.
1866 4359 2178 4445 α’γαθός
2219 4363 2344 4429 ἔστι
2393 4366 2498 4429 καὶ
2540 4360 2832 4442 εὔνους
2867 4370 2953 4451 τῷ
2997 4361 3170 4452 δήμῳ
3219 4364 3325 4429 καὶ
3372 4366 3526 4428 διατ.
3575 4367 3774 4446 χρείας
3813 4383 4017 4444 παρεχ.
4063 4361 4167 4425 καὶ

604 4467 791 4546 κοινῇ
818 4485 870 4523 τ.
906 4485 970 4523 π.
1007 4461 1109 4526 καὶ
1154 4463 1287 4549 ἰδίᾳ,
1320 4461 1410 4540 (ε.
1447 4464 1597 4527 καθ’
1630 4463 1792 4527 ἰδίαν
1834 4462 2045 4541 2322.)
2088 4470 2216 4539 τοῖς
2244 4465 2479 4548 ἐντυγχ.
2521 4461 2659 4530 αὐτ.
2719 4465 2844 4544 (tit.
2865 4466 3058 4544 Tem),
3099 4466 3147 4530 ί.
3191 4460 3494 4549 άγαθοί
3530 4465 3647 4531 εἰσι
3692 4462 3828 4544 περὶ
3875 4484 3929 4524 τ.
3985 4459 4164 4525 πόλιν

607 4569 729 4627 ταῖν
751 4554 1009 4628 Ἰασέων
1052 4558 1187 4639 [καὶ
1220 4564 1345 4649 ἰδίᾳ
1380 4559 1510 4643 καὶ]
1556 4566 1738 4650 κοινῇ
1772 4565 1910 4642 περὶ
1946 4561 2176 4639 πάντας
2215 4558 2362 4639 τούς
2399 4568 2648 4639 πολίτας
2689 4563 2778 4643 (Β.
2822 4567 2862 4624 1·
2888 4566 3126 4643 2674),
3185 4561 3286 4647 α’γ.
3334 4594 3418 4612 -·
3458 4559 3718 4632 Ἰασέων
3761 4560 3866 4625 καὶ
3897 4566 4165 4637 ’πολλαῖς

500 4665 513 4680 '
608 4668 729 4726 τῶν
770 4667 1049 4729 πολιτοῑν.
1079 4656 1484 4743 [nodedum
1515 4666 1733 4746 χρείαςι
1757 4663 2116 4747 παρέσχηται
2170 4663 2386 4743 (2675,
2420 4661 2537 4743 b.),
2599 4664 2679 4729 δι’
2729 4660 2995 4740 ἅπαντος
3041 4661 3332 4740 εὔνους
3386 4659 3713 4749 ὗπᾶρχων,
3772 4669 3903 4738 τοῖς
3943 4662 4012 4728 δὲ
4056 4665 4162 4743 δη-

610 4768 847 4838 μοσίοις
886 4759 1065 4842 ἧμοίν
1119 4764 1424 4842 πράγμασι
1460 4766 1574 4832 καὶ
1614 4764 1706 4828 ἕνι
1747 4764 1974 4850 ἑκάστω
2027 4789 2156 4829 των
2202 4770 2465 4829 πολιτων
2499 4769 2924 4848 παραίτιος
2959 4761 3273 4847 ἀγαθοῦ
3311 4764 3594 4839 πολλάκις
3629 4761 3949 4845 ,γεγένηται
3993 4761 4160 4841 (titul-

608 4862 870 4920 Memfim·
904 4882 991 4937 1¹1».-
1029 4856 1377 4937 Gruter-1»-
1408 4865 1603 4940 400),
1645 4859 1872 4939 πολλάς
1900 4865 2001 4928 καὶ
2044 4862 2303 4949 μεγάλας
2331 4870 2533 4947 χρείας
2571 4871 3011 4950 παρεισχῆσθαι
3051 4868 3140 4947 τῇ
3165 4857 3308 4952 ἇμω
3342 4861 3516 4950 δήμω
3561 4862 3664 4929 καὶ
3700 4862 3977 4948 μεγάλων
4014 4857 4160 4943 dr«-

605 4966 748 5024 θων
786 4971 1101 5037 παραίτιον
1142 4956 1415 5043 γεγόνειν
1461 4961 1571 5040 (ιιι.
1600 4968 1786 5042 Agrig.
1830 4984 1917 5041 ap.
1955 4959 2218 5028 Gruter.
2250 4985 2307 5041 p.
2334 4966 2533 5045 401.,)
2575 4970 2744 5027 etsie
2792 4969 2847 5025 in
2896 4967 3127 5024 aliorum
3174 4967 3457 5024 titulorum
3497 4966 3796 5040 prooemiis
3837 4980 4159 5024 commemo·

609 5074 760 5119 rin-tui
807 5080 958 5128 eum,
1015 5066 1105 5136 qui
1151 5067 1432 5151 προξενίᾳ
1494 5076 1753 5138 ot·,nctur
1795 5077 1886 5126 aut
1923 5055 2153 5134 εὔνουν
2203 5091 2305 5146 και
2375 5062 2708 5150 εὔχρηστον
2767 5066 3060 5145 (Chalinus.
3097 5070 3179 5128 tit.
3233 5069 3464 5143 1567),
3541 5074 3630 5126 aut
3689 5061 4005 5145 φιλόξενον
4058 5066 4162 5127 αα*
