4623 5882
684 516 947 603 deniquo
996 512 1201 582 locum
1264 516 1598 605 sedemque
1649 519 1714 583 in
1780 517 2015 585 theatro
2066 535 2348 606 parasse.
2444 513 2677 585 Horum
2727 524 3098 606 postremum
3149 524 3394 603 praeter
3441 512 3758 583 Pollucem
3810 535 3989 583 nmo
4052 515 4232 591 alius,

686 631 1017 699 secundm
1068 634 1250 701 etiam
1299 634 1516 702 Aelius
1568 635 1936 719 Dionysius,
1988 635 2243 723 primum
2287 633 2571 727 plerique
2627 653 2841 701 omnes
2908 633 3286 717 grammatici
3337 641 3520 718 atque
3572 634 3907 721 scriptores
3957 631 4232 710 tradunt;

683 769 881 836 neque
932 759 1136 815 umen
1184 749 1339 817 haec
1388 739 1503 817 sslo'
1557 752 1754 817 minus
1806 762 1979 818 certa
2033 760 2192 816 sunt.
2290 748 2506 817 Dicam
2556 760 2756 817 autem
2801 748 2884 814 de
2934 746 3215 817 omnihus
3267 746 3641 831 singulatim.
3743 746 3921 835 Apud
3973 747 4231 817 Calliam

683 867 870 952 igitur
947 862 1577 934 Lacedaemoniorum
1648 888 1981 955 proxenum
2082 886 2328 954 semper
2394 865 3023 934 lacedaemoniorum
3104 867 3364 952 optimos
3438 863 3781 931 devertisse
3819 860 3940 945 ²⁵²)
4024 861 4234 931 Xeno·

681 982 845 1072 phou
892 980 1131 1049 scribit.
1229 980 1395 1049 Vera
1443 994 1641 1050 autem
1692 983 1849 1050 baec
1898 984 2233 1072 scripsisse
2281 980 2747 1072 Xenophontem
2800 981 2945 1049 inde
2994 991 3275 1070 apparet,
3355 979 3520 1067 qnod
3588 991 3756 1047 certe
3828 977 3928 1047 Ol.
4013 979 4094 1055 G,
4176 983 4232 1046 ’2

681 1099 845 1187 apud
888 1096 1151 1165 Calliam
1204 1097 1832 1167 Lacedaemoniorum
1901 1100 2095 1187 legati
2164 1099 2560 1167 deverterunt
2588 1096 2734 1180 ²⁵³).
2849 1095 3089 1178 Quodsi
3163 1100 3226 1163 in
3290 1095 3501 1164 eadem
3574 1094 3728 1163 urbe
3787 1095 3998 1185 plures
4060 1107 4231 1163 erant

680 1215 943 1282 civitatis
995 1217 1282 1301 promiti,
1363 1215 1591 1301 legatis
1659 1215 1739 1281 ab
1789 1219 2032 1283 civitate
2082 1192 2292 1283 missis
2346 1218 2482 1282 sine
2533 1215 2720 1282 dubio
2771 1216 3137 1303 permissum
3192 1226 3326 1280 erat
3388 1211 3545 1301 apud
3607 1231 3785 1298 quem
3831 1233 4050 1280 eorum
4101 1213 4230 1279 vel-

681 1331 810 1398 lent
854 1329 1210 1408 devertor-(33
1272 1344 1479 1419 neque
1521 1344 1734 1419 spreto
1787 1336 2043 1420 proxeni
2090 1333 2359 1421 hospitio
2406 1332 2726 1400 devenere
2769 1320 2856 1399 a'd
2905 1351 3245 1419 cauponem
3296 1328 3362 1403 ἐς
3416 1326 3820 1410 πανδοχεῖον
3871 1342 3978 1397 aut
4046 1333 4233 1396 inter-

682 1446 904 1512 dictum
954 1446 1181 1533 legatis
1239 1460 1400 1524 erat,
1452 1460 1556 1515 aut
1606 1450 2081 1534 ignominiosum
2124 1449 2470 1516 habebatur
2513 1448 2777 1537 hospiti,
2840 1448 3111 1515 fortasse
3162 1469 3239 1514 ne
3291 1448 3506 1515 mirum
3557 1446 3801 1533 quidem
3874 1446 4230 1521 videbatnr;

678 1582 816 1631 nant
856 1564 919 1628 in
954 1583 1077 1650 qna
1124 1563 1281 1631 urbe
1308 1582 1508 1653 neque
1561 1568 1778 1633 civitas
1819 1582 2153 1653 proxenum
2200 1565 2476 1643 haberet,
2531 1585 2646 1632 nec
2687 1562 3011 1648 δημοσιον
3060 1576 3229 1631 esset
3280 1561 3633 1644 κατάλυμα
3672 1563 3894 1649 legatis
3926 1565 4234 1651 excipien-

680 1679 808 1757 dis,
861 1679 1087 1763 legatis
1138 1683 1277 1748 eius
1320 1685 1683 1751 necessario
1734 1681 2171 1750 devertendum
2220 1693 2328 1748 mu
2376 1681 2456 1747 ad
2503 1684 2798 1770 privatum
2851 1682 3151 1771 hospitem
3201 1694 3307 1749 aut
3350 1682 3433 1751 ad
3488 1700 3822 1770 cauponem
3872 1680 4105 1757 fuisse
4179 1681 4234 1747 si

681 1798 926 1863 omnino
976 1795 1209 1863 vellent
1254 1796 1614 1878 devertere,
1660 1800 1844 1890 plane
1894 1811 2147 1889 apparet
2172 1797 2317 1884 ²⁵⁴).

973 1912 1245 1981 Alterum
1296 1915 1456 2002 quod
1497 1920 1814 2005 procurari
1864 1917 1945 1984 ab
1997 1935 2269 2004 proxeno
2300 1912 2525 1981 Pollux
2559 1915 2793 1993 scribit,
2845 1927 2944 1983 est
2976 1912 3301 1997 πρόςοδος
3353 1917 3525 2004 πρὸς
3573 1917 3695 1985 τὸν
3736 1911 3964 2003 δῆμον.
4019 1911 4236 1999 Legati

679 2032 900 2116 igitur,
965 2041 1030 2097 ut
1078 2028 1196 2096 hoc
1242 2043 1383 2098 utar
1428 2034 1746 2122 exemplo
1816 2032 2480 2105 lace-daemoniorium
2540 2035 2647 2119 qui
2700 2031 2950 2100 Athenis
3003 2033 3161 2122 apud
3218 2034 3505 2123 populum
3558 2054 3779 2120 agere
3857 2032 3936 2100 ab
4004 2028 4234 2119 populo

676 2144 909 2230 aliquid
958 2156 1167 2235 petere
1216 2147 1491 2225 vellent,
1557 2150 1636 2216 ab
1690 2171 1767 2218 eo
1820 2151 2016 2217 Attico
2071 2150 2239 2225 cive,
2305 2149 2407 2234 qui
2463 2146 2809 2243 Lacottieus
2857 2170 3171 2237 proxfflus
3242 2150 3407 2227 erat,
3471 2148 4014 2219 introducebantur
4067 2146 4238 2235 apud

685 2273 983 2351 prytanes
1034 2273 1094 2329 et
1141 2264 1205 2329 in
1255 2267 1614 2333 concionem
1634 2317 1650 2343 ‚
1700 2269 1878 2354 isque
1932 2276 1992 2332 ut
2041 2275 2315 2353 potestas
2361 2266 2443 2330 iis
2494 2265 2666 2332 fieret
2713 2264 2813 2330 hic
2864 2266 3261 2334 renunciandi
3315 2266 3687 2354 legationem
3728 2285 3976 2355 operam
4031 2263 4232 2331 dabat.

675 2377 889 2466 Neque
936 2399 1088 2447 vero
1136 2380 1297 2468 apud
1349 2384 1635 2470 populum
1690 2395 1910 2450 tantum
1962 2381 2076 2449 sed
2127 2383 2308 2448 etiam
2351 2381 2513 2469 apud
2563 2393 2838 2447 senatum
2890 2393 2948 2446 et
3000 2383 3161 2471 apud
3193 2387 3610 2471 magistratus,
3663 2386 3715 2450 si
3761 2381 3905 2470 quid
3951 2402 4093 2447 cum
4139 2379 4235 2445 bis

676 2495 983 2578 agendum
1032 2494 1261 2580 legatis
1310 2511 1514 2569 esset.
1566 2499 2108 2567 introducebantur
2134 2518 2173 2565 a
2196 2518 2493 2586 proneno.
2590 2496 2681 2564 lta
2728 2497 3098 2565 Boeotorum
3146 2500 3394 2585 legatos
3441 2502 3615 2590 pacis
3667 2498 3964 2588 petendae
4008 2517 4235 2565 caussa

676 2610 777 2678 ot.
828 2608 1239 2678 Lxxxxvn
1263 2662 1315 2690 ,,
1366 2615 1411 2681 4
1480 2615 1556 2681 ad
1618 2615 1983 2702 Agesilaum
2076 2616 2305 2682 missos
2372 2613 2610 2681 Pharax
2684 2613 3243 2691 Lacedaemonius,
3315 2620 3421 2705 qui
3491 2616 3859 2684 Boeotorum
3926 2634 4231 2704 proxenus

588 2718 594 2732 '
676 2738 810 2794 erat
839 2725 996 2810 ²⁴⁵),
1059 2728 1486 2798 introducebat
1544 2732 1705 2820 apud
1754 2752 1987 2817 regem.
2103 2729 2426 2819 lnquttinis
2490 2734 2642 2798 satis
2704 2743 2942 2801 constat
3009 2735 3072 2798 in
3132 2733 3273 2802 foro
3328 2736 3528 2802 Attico
3592 2754 3716 2802 non
3768 2732 4024 2799 licuisse
4081 2752 4230 2822 cou7

674 2847 1018 2912 troversias
1074 2865 1223 2911 suas
1274 2868 1389 2937 per
1447 2870 1519 2915 se
1581 2868 1807 2932 agere,
1883 2847 1995 2914 sed
2071 2859 2325 2915 coactos
2404 2868 2517 2916 eos
2576 2850 2775 2919 tuisse
2843 2850 3039 2918 civem
3117 2854 3433 2937 patronum
3497 2873 3547 2917 s.
3608 2847 3995 2937 προστάτην
4057 2849 4228 2914 acthi-

673 2961 826 3030 bere
847 2975 889 3040 ;'
921 2961 1080 3030 idem
1132 2964 1197 3028 in
1246 2964 1524 3053 reliquos
1576 2968 1979 3054 peregrinos,
2024 2969 2129 3053 qui
2163 2964 2484 3040 ἶσπελεῐς
2536 2987 2661 3034 non
2718 2979 2930 3034 essent
2952 3019 2968 3044 ‚
3019 2966 3299 3034 valuisse
3334 2968 3658 3057 probabile
3704 2977 3833 3044 est3
3884 2966 4000 3035 bos
4041 2970 4232 3052 igitur

674 3097 948 3166 proxeno
1000 3098 1153 3146 suae
1203 3082 1487 3158 civitatis,
1539 3084 1593 3148 si
1648 3103 1827 3171 quem
1883 3103 1961 3151 ea
1980 3086 2318 3152 Atticorum
2373 3085 2590 3150 civium
2637 3103 2975 3172 proxenum
3023 3082 3306 3168 haberet,
3360 3062 3437 3152 eo
3485 3085 3686 3170 magis
3737 3081 3925 3151 credo
3973 3094 4228 3171 patroiw

675 3216 819 3260 esse
879 3215 1064 3268 usos
1131 3197 1295 3283 quod
1342 3218 1651 3285 proxenos
1708 3199 1993 3268 nonnulli
2042 3202 2429 3285 grammatici
2486 3200 2822 3288 explicant:
2892 3194 3065 3265 ὅλων
3114 3197 3381 3265 πόλεων
3447 3199 3975 3285 προστάτας.
4090 3199 4227 3280 Quo

672 3313 860 3394 igitur
930 3320 1200 3414 tempore
1277 3316 1434 3416 socii
1490 3316 1946 3385 Atheniensium
1994 3317 2304 3383 tributarii
2379 3336 2643 3383 caussas
2723 3320 3128 3401 gravissimas
3191 3335 3476 3405 quasque
3527 3317 3782 3392 iudiciis
3840 3320 4056 3390 Atticis
4114 3316 4220 3382 de·-

675 3429 839 3493 l'erre.
884 3426 1084 3494 adacti
1139 3405 1350 3506 erant,
1406 3432 1765 3499 tributariae
1804 3433 1957 3500 illae
1992 3436 2271 3500 civitates
2337 3433 2515 3499 etiam
2568 3433 2756 3501 multo
2807 3436 3005 3501 minus
3057 3435 3256 3504 Attico
3309 3453 3582 3521 proxeuo
3644 3454 3863 3503 carere
3919 3444 4211 3524 poteraut.

673 3544 850 3624 Quod
883 3554 1083 3610 autem
1102 3544 1379 3625 Athenis,
1408 3548 1569 3616 idem
1603 3549 1709 3616 vel
1741 3549 1978 3637 aliquid
2014 3549 2266 3617 simile
2249 3570 2311 3616 ιιι
2346 3548 2606 3636 reliquis
2646 3570 2891 3638 quoque
2920 3549 3180 3617 Graecis
3214 3550 3560 3619 civitatibus
3597 3553 3652 3618 si
3685 3573 3810 3620 non
3846 3554 4016 3629 iuria
4052 3559 4220 3616 certe

670 3663 861 3753 moris
896 3671 1045 3727 erat.
1140 3661 1386 3732 Mortuo
1427 3665 1679 3734 Athenis
1728 3669 2059 3756 peregrino
2096 3685 2257 3753 quae
2292 3686 2649 3754 ploxenum,
2690 3668 2747 3732 si
2776 3686 2959 3755 quem
2995 3669 3309 3755 peregrini
3353 3659 3553 3756 patria
3591 3688 3927 3757 proxenum
3961 3667 4215 3735 Athenis

672 3776 962 3855 baberet,
1008 3777 1554 3858 facere-decuerit,
1603 3782 2028 3851 Demosthenis
2084 3783 2285 3850 oratio
2353 3782 2659 3850 adversus
2701 3782 3046 3884 §lallippnm
3103 3782 3301 3852 docet·
3417 3783 3510 3852 lbi
3569 3788 3729 3852 enim
3770 3796 4065 3855 :narratur
4093 3778 4217 3871 ²⁵⁶)

677 3890 926 3978 Lycone
970 3892 1352 3964 Heracleota
1394 3900 1459 3964 in
1529 3902 1667 3965 sinu
1728 3899 2028 3986 Argolico
2090 3898 2169 3965 ab
2237 3900 2453 3988 piratis
2533 3898 2857 3967 vulnerato
2937 3910 3000 3966 et
3071 3900 3260 3985 Argis
3321 3911 3560 3971 mortuo
3621 3900 3964 3990 Callippum
4028 3899 4222 3968 Hera-

674 4007 1010 4078 cleotarum
1058 4023 1415 4101 proxenum
1460 4017 1717 4082 Atticum
1783 4014 1863 4082 ad
1944 4033 2215 4082 mensam
2272 4014 2663 4083 ‘Phormionis
2717 4001 3065 4102 'argentarii
3113 4017 3366 4084 venisse
3434 4027 3494 4084 et
3548 4017 3628 4084 ab
3696 4017 3814 4085 hoc
3869 4009 4222 4107 postulasse

886 4279 1021 4355 ²⁵²)
1061 4277 1364 4360 Xenoph.
1413 4283 1577 4341 Conv.
1619 4286 1756 4354 Vlll,
1802 4288 1899 4344 40.
2001 4283 2107 4339 Sed
2152 4302 2261 4341 non
2317 4301 2440 4342 eum
2487 4285 2633 4358 passi
2687 4292 2814 4340 sunt
2871 4285 2951 4339 sic
3007 4284 3247 4341 scribere
3307 4282 3542 4351 librarii,
3607 4286 3700 4358 qui
3759 4287 3905 4359 quod
3963 4283 4224 4358 praebent

674 4369 1047 4456 πρόξενοι
1085 4379 1149 4444 δὲ
1186 4384 1306 4446 καὶ
1346 4379 1711 4461 κατάγονται
1748 4379 1841 4450 ἇεὶ
1880 4376 2047 4467 παρὰ
2085 4383 2182 4447 σοὶ
2225 4382 2446 4460 (Callia)
2503 4384 2569 4447 οἱ
2603 4379 2907 4460 κράτιστοι
2949 4375 3184 4460 αὐτῶν,
3236 4385 3387 4441 nihili
3430 4393 3545 4450 est3
3601 4402 3723 4444 num
3762 4383 4095 4463 προξένους
4123 4384 4221 4444 bic

675 4478 808 4546 dici,
851 4481 945 4552 qui
986 4475 1339 4542 devertunt
1383 4481 1570 4563 apud
1606 4500 2022 4561 promentem,
2088 4502 2228 4559 quae
2265 4478 2531 4544 sturzii
2582 4495 2637 4543 et
2673 4479 2991 4545 Her-betia·
3029 4486 3295 4542 sententia
3321 4494 3448 4552 .,est
3495 4483 3642 4543 adeo
3664 4496 3867 4548 ,contra
3908 4500 4064 4542 usum
4107 4502 4218 4540 ser-

674 4581 848 4636 monis
890 4588 1126 4655 pugnat,
1165 4591 1226 4638 ut
1262 4584 1591 4686 incredibile
1620 4587 1722 4652 sit3
1776 4585 2120 4642 scribendum
2178 4583 2420 4642 videtur:
2474 4585 2834 4670 προξένῳ
2897 4582 3012 4658 δὲ,
3092 4585 3241 4658 quod
3299 4600 3422 4640 eum
3474 4582 3569 4649 ool
3625 4584 4054 4656 conningendum
4115 4592 4217 4644 est·

679 4681 740 4715 ²⁵
755 4677 805 4755 ⁸)
840 4674 1144 4758 Xenoph·
1183 4682 1246 4738 n.
1290 4684 1380 4740 Gr.
1421 4686 1480 4754 V,
1525 4688 1583 4753 4,
1621 4690 1719 4742 22.
1762 4689 1887 4747 τῶν
1929 4687 2441 4761 Λακεδαιμονίων
2479 4687 2755 4765 πρέσβεις
2806 4680 3163 4763 Ἀθήνησιν
3200 4678 3531 4764 ἐτύγχανον
3570 4682 3741 4755 ὄντες
3780 4679 3942 4763 παρὰ
3987 4686 4216 4764 Καλλίᾳ

671 4781 758 4856 τῷ
796 4779 1079 4865 προξένῳ.
1185 4787 1248 4820 ²³
1265 4780 1322 4858 4)
1367 4780 2163 4856 Cs.Demsrh.r.1.3,90
2203 4790 2300 4846 26.
2395 4780 2688 4845 Boecklt.
2731 4788 2859 4842 θοι).
2902 4785 3013 4842 civ.
3054 4784 3303 4854 Athen&
3346 4787 3480 4846 255.
3625 4781 3764 4860 ²⁵⁵)
3806 4780 4103 4906 ΧέηορΙι.
4144 4782 4207 4841 Η.

672 4876 762 4932 θ’·-
807 4877 885 4947 Ν,
928 4881 985 4939 5·
1031 4876 1066 4946 ὁ
1106 4882 1162 4945 δ’
1200 4877 1565 4961 Ἀγησίλαος
1603 4880 1742 4949 ουδ’
1778 4881 1936 4965 ὁρᾶν
1980 4888 2172 4951 ἐδόκει
2210 4890 2426 4966 καίπερ
2472 4882 2759 4968 Φάρακος
2799 4890 2912 4948 τοῦ
2966 4887 3263 4965 προξένου
3305 4878 3770 4969 παρεστηκότος
3784 4881 3995 4962 αὐτοῖς
4048 4904 4215 4968 οπεος

672 4975 1059 5058 προςαγάγοι.
1228 4986 1330 5021 ²⁸⁴
1339 4982 1364 5061 )
1408 4976 1748 5047 Demosth.
1786 4986 1905 5044 adv.
1954 4988 2185 5064 Callipp.
2238 5007 2296 5064 p.
2347 4980 2515 5046 1237.
2571 4989 2633 5063 ἐξ
2671 4984 2945 5068 ἀνάγκης
2982 4983 3097 5068 γάρ
3149 4991 3259 5065 μοί
3303 4986 3467 5052 ἐστιν
3523 4978 3812 5050 απάντων
3866 4980 4210 5066 Heuman-

673 5084 794 5140 τών
837 5078 1260 5157 ἐπιμελεῖσθαι.
