4623 5882
2184 320 2295 383 II

452 533 639 602 talem
690 534 856 601 esse.
956 529 1421 619 Nonnumquam
1454 529 1711 599 honoris
1746 525 1911 596 ‘eius
1942 526 2261 596 deferendi
2310 530 2607 618 specialis
2637 544 2778 601 erat
2822 534 2982 602 ratio
3038 553 3235 622 eaque
3285 535 3350 601 in
3401 532 3667 601 decretis
3716 543 3823 598 aut
3866 531 4021 601 sola.

449 630 953 719 commemoratur
1002 658 1105 715 aut
1152 646 1396 714 additur
1442 645 1879 733 generalibus,
1930 646 2017 711 ita
2062 643 2470 714 Athenienses
2521 647 2888 717 Phanocrito
2938 649 3202 719 Pariano
3264 653 3620 739 proxeniam
3688 647 4001 723 dederunt,

447 765 611 854 quod
660 764 907 833 hostilis
957 762 1185 830 classis
1251 761 1575 831 adventum
1631 765 1786 851 ipsis
1832 762 2193 829 nunciasset
2215 812 2232 839 ,
2311 763 2747 851 Apolloniatae
2809 776 3008 833 autem
3075 767 3264 834 alicui
3288 831 3301 843 ,
3328 769 3462 834 viro
3482 817 3499 841 ,
3571 764 3736 854 quod
3786 764 4002 832 nescio

445 882 593 970 quid
642 880 972 948 Mothonen
1020 881 1292 946 mislsset
1338 873 1491 971 ¹⁰⁰).
1614 878 1707 946 Ex
1752 879 2097 965 fragmento
2116 928 2132 955 ,
2185 878 2351 965 quod
2399 899 2591 969 supra
2638 880 2948 949 attulimus
2999 881 3372 970 Hyperidiae
3431 882 3752 950 orationis.
3781 894 3998 949 contra

448 996 796 1076 Demadem,
831 1007 1081 1085 apparet
1112 993 1398 1063 faciendo
1428 994 1832 1083 dicendoque,
1850 1014 2011 1082 qnae
2046 1005 2153 1061 aut
2174 1016 2209 1062 e
2228 1015 2299 1061 re
2333 1005 2543 1062 essent
2572 995 2954 1085 reipublicae
2985 1001 3200 1065 eiusve
3225 1000 3419 1065 sociis
3449 1009 3554 1065 aut
3583 1000 3644 1065 in
3665 1000 4000 1086 perniciem

446 1114 708 1181 hostium
742 1114 875 1179 eius
906 1122 1303 1189 verterentur,
1350 1110 1710 1201 sepeliendo
1741 1131 2007 1202 corpora
2040 1131 2367 1180 caesorum
2394 1113 2457 1178 in
2491 1111 2749 1201 proeliis
2783 1115 3025 1191 civium,
3075 1112 3449 1181 redimendis
3485 1116 3740 1202 captivis
3771 1112 4000 1201 multos

448 1230 799 1317 proxeuiam
835 1228 1290 1296 Atheniensium
1341 1230 1666 1296 meruisse.
1738 1226 1878 1308 Quo
1930 1239 2203 1318 tempore
2234 1225 2643 1296 Athenienses
2687 1231 2881 1297 sociis
2934 1228 3203 1319 superbe
3253 1228 3665 1319 imperabant,
3699 1228 4004 1296 dederint

447 1346 541 1413 illi
584 1347 649 1411 iu
694 1347 1008 1413 sociorum
1058 1343 1404 1411 civitatibus
1452 1346 1810 1432 proxeniam
1859 1365 1982 1413 nou
2035 1346 2248 1434 paucis
2270 1396 2285 1420 ,
2339 1365 2454 1432 per
2501 1364 2662 1433 quos
2729 1364 2840 1413 eas
2915 1347 3198 1414 civitates
3264 1347 3330 1413 in
3397 1345 3516 1413 lide
3583 1358 3644 1413 et
3704 1347 4000 1414 societate

448 1464 777 1530 retinerent
805 1454 977 1554 ¹⁰¹),
1017 1480 1469 1548 nonnumquam
1518 1462 1701 1527 etiam
1736 1459 1977 1528 dederit
2003 1460 2330 1550 hospitium
2359 1463 2576 1528 civitas
2623 1462 2737 1539 iis,
2796 1482 3054 1550 quorum
3081 1461 3305 1531 bonam
3343 1481 3499 1548 erga
3529 1484 3600 1531 se
3629 1461 4005 1530 voluntatem

445 1599 568 1648 non
615 1581 738 1646 iam
783 1586 1035 1666 experta
1084 1586 1287 1655 esset,
1359 1574 1474 1643 sed
1542 1577 1876 1646 incendere
1935 1576 2162 1650 vellet:
2230 1580 2317 1645 ita
2375 1576 2784 1645 Athenienses
2832 1577 3168 1645 Abderiten
3247 1575 3776 1667 Nymphodorum,
3865 1597 4004 1644 cum

446 1705 627 1761 antea
675 1693 877 1762 hostis
928 1702 1134 1773 esset,
1203 1692 1598 1762 nihilominus
1646 1713 1982 1781 proxenum
2033 1693 2317 1761 fecerunt
2337 1745 2353 1773 ,
2418 1702 2484 1760 ut
2535 1692 2654 1760 sibi
2704 1691 2960 1761 Sitalcis
3025 1692 3230 1779 reguli
3280 1692 3595 1760 Thracum
3644 1696 4003 1761 societatem

446 1809 843 1887 conciliaret,
910 1807 1075 1897 apud
1124 1829 1305 1898 quem
1346 1808 1459 1877 ille
1512 1811 1716 1896 gratia
1762 1810 2021 1879 florebat
2071 1820 2131 1877 et
2181 1830 2366 1878 soror
2414 1811 2477 1876 iu
2525 1811 2910 1877 matrimonio
2962 1822 3095 1878 erat
3128 1805 3278 1901 ¹⁰²).
3404 1809 3633 1877 Contra
3678 1808 4030 1876 Athenien-·

446 1929 604 1994 sium
669 1927 831 1993 socii
891 1925 1195 1995 tributarii
1277 1946 1414 1993 cum
1478 1945 1741 1995 caussas
1807 1926 2103 2016 capitales
2191 1946 2529 2014 omnesque
2577 1880 2945 2012 ‘graviores
3041 1928 3500 1995 controversias
3563 1924 3642 1992 ad
3705 1925 4006 2033 iudicium

445 2055 506 2111 et
554 2043 758 2111 forum
805 2043 1067 2111 Atticum
1117 2041 1366 2111 deterre
1416 2044 1616 2111 coacti
1685 2054 1923 2122 essent,
1982 2043 2206 2110 multis
2257 2040 2733 2110 Atheniensibus
2810 2062 2885 2111 eo
2951 2044 3196 2111 nomine
3258 2041 3586 2109 detulerint
3632 2045 4006 2131 proxeniam,

444 2158 610 2249 quod
656 2157 760 2226 vel
812 2159 974 2248 apud
1024 2156 1317 2248 populum
1366 2160 1430 2225 in
1482 2157 1843 2228 tributorum
1889 2180 2055 2228 nova
2096 2159 2511 2248 descriptione
2564 2179 2635 2226 se
2686 2158 3033 2238 levassent,
3085 2159 3186 2227 vel
3239 2157 3480 2227 civibus
3530 2161 3690 2226 suis.
3713 2161 3777 2225 in
3824 2178 4008 2228 causae

444 2279 537 2344 sis
584 2273 941 2343 sorensIbus
992 2274 1355 2343 adfuissent.
1449 2273 1654 2364 Saepe
1703 2278 1961 2365 praemii
2011 2296 2241 2344 caussa
2294 2273 2557 2342 dabatur
2603 2275 2930 2364 hospitium
2979 2276 3290 2365 publicum
3311 2268 3443 2366 ι03)
3502 2278 4007 2359 μεταπέμπτοις

446 2416 503 2465 s,
548 2389 1070 2464 ἐξαποσταλεῖσι
1117 2389 1470 2466 δικασταῖς
1539 2390 1639 2483 (id
1689 2404 1786 2460 est
1835 2394 2183 2481 peregrinis
2247 2390 2559 2460 iudicibus
2577 2443 2593 2471 ,
2648 2410 2806 2479 quos
2877 2394 3097 2460 civitas
3147 2391 3348 2459 altera
3396 2392 3576 2459 alteri
3624 2394 3851 2481 petenti
3905 2410 4008 2459 ro—

443 2510 733 2598 gantique
783 2510 1058 2575 misisset
1105 2507 1187 2576 ad
1239 2508 1673 2599 disceptandas
1723 2508 2209 2598 indicandaeque
2264 2526 2564 2587 caussas,
2634 2529 2794 2598 qnae
2846 2507 3010 2598 apud
3062 2528 3135 2576 se
3185 2506 3413 2575 multae
3463 2510 3527 2576 in
3575 2510 4008 2575 controversia

445 2635 864 2733 versarentur·
908 2643 1110 2711 neque
1174 2624 1254 2691 ab
1308 2624 1546 2693 civibus
1593 2625 1902 2694 iudicibus
1952 2636 2204 2715 propter
2268 2628 2492 2695 civium
2555 2624 2932 2693 discordiam
2999 2645 3078 2692 ex
3143 2643 3345 2711 aequo
3415 2636 3474 2692 et
3537 2623 3704 2692 bono
3755 2624 4005 2692 decerni

446 2762 636 2831 posse
684 2735 1109 2832 viderentur),
1188 2743 1248 2810 si
1300 2742 1546 2832 quidem
1607 2741 1713 2811 vel
1775 2741 2015 2810 delatas
2068 2740 2148 2809 ad
2215 2763 2287 2810 se
2364 2763 2626 2810 caussas
2677 2742 2837 2810 bene
2889 2740 3344 2831 expedivissent
3389 2739 3493 2809 vel
3543 2739 3855 2827 litigantes
3904 2760 4006 2805 re—

450 2857 908 2927 conciliassent.
1009 2856 1433 2927 Metrodorum
1477 2859 1781 2928 medicum
1827 2855 2097 2926 Ilienses
2144 2859 2446 2948 proxenia
2494 2857 2831 2939 donarunt,
2897 2857 3060 2948 quod
3112 2857 3397 2926 Antiochi
3445 2859 3618 2944 regis
3667 2856 3890 2925 vulnus
3942 2858 4005 2921 in

441 2975 683 3065 proelio
736 2985 1051 3065 acceptum
1098 2987 1388 3062 sanasset
1419 2969 1575 3069 ι00).
1698 2974 1838 3044 Νοιι
1886 2995 2032 3044 raro
2082 2977 2281 3064 poetis
2334 2974 2750 3065 sophistisque
2813 2987 2874 3044 et
2924 2974 3259 3043 artificibus
3305 2976 3654 3062 peregrinis
3707 2975 4006 3062 proxenia

440 3094 716 3182 praemio
767 3092 847 3159 ab
897 3095 976 3160 iis
1029 3091 1292 3160 dabatur
1341 3092 1721 3172 civitatibus,
1772 3111 1928 3181 quas
1981 3093 2115 3159 suis
2163 3091 2537 3160 carminibus
2602 3091 2706 3161 vel
2758 3092 3143 3162 orationibus
3194 3090 3295 3158 vel
3347 3092 3500 3157 artis
3553 3089 3844 3179 operibus
3868 3157 3876 3166 ,
3903 3111 4007 3157 or—

445 3220 729 3287 nassent;
779 3210 865 3275 ita
912 3208 1317 3277 Athenienses
1350 3208 1679 3278 Pindarum
1728 3210 1992 3298 hospitio
2040 3208 2344 3296 donarpnt
2385 3208 2635 3297 publico
2661 3261 2677 3286 ,
2728 3208 2896 3297 quod
2945 3208 3216 3275 Athenas
3270 3185 3608 3284 „columen
3643 3206 3947 3274 Graeciae
3970 3217 4004 3241 ⁶⁸

443 3321 770 3418 (ἔρεισμα
817 3321 933 3410 τῆς
973 3316 1322 3413 Ἑλλάδος)
1377 3325 1636 3395 dixisset
1669 3323 1831 3413 ι05);
1899 3325 2097 3394 eidem
2149 3337 2368 3416 poetae
2420 3325 2723 3393 credibile
2791 3338 2887 3392 est
2933 3317 3321 3393 Achaeorum
3378 3322 3650 3408 Magnae
3700 3322 4003 3389 Graeciae

442 3444 644 3512 fuisse
694 3443 1049 3532 proxeuiam
1076 3442 1229 3531 ι00),
1285 3441 1558 3510 fortasse
1608 3440 1775 3531 quod
1805 3441 2039 3509 Achaei
2087 3442 2355 3510 alicuius
2377 3523 2382 3530 ο
2402 3444 2720 3511 victoriam
2769 3441 3155 3512 celebrasset
3202 3441 3494 3512 carmine.
3594 3438 3772 3506 Vana
3802 3451 4004 3507 autem

446 3559 682 3627 videtur
730 3557 981 3627 Disseni
1042 3560 1399 3628 coniectura
1445 3557 1773 3625 Pindarum
1833 3560 2131 3647 suspicati
2179 3558 2447 3649 hospitia
2493 3560 2763 3643 gratuita
2823 3579 2940 3642 per
3007 3578 3252 3626 omnem
3299 3556 3633 3624 Graeciam
3682 3555 3997 3634 habuisse,

459 3677 708 3762 „qualia
754 3675 837 3743 ab
867 3674 1407 3765 Amphictyonibus
1432 3673 1781 3761 Polygnoto
1831 3674 2085 3743 decreta
2132 3696 2277 3743 esse
2326 3674 2562 3742 Plinius
2611 3683 2904 3746 testetur-⁴⁶
2936 3675 3076 3760 ¹⁰⁷).
3169 3672 3357 3740 Plinii
3391 3672 3586 3756 verba
3622 3672 3778 3741 haec
3807 3685 4000 3739 sunt:

448 3791 986 3880 ‚,Amphictyones,
1034 3790 1201 3879 quod
1231 3802 1326 3859 est
1355 3790 1666 3880 publicum
1693 3790 1996 3859 Graeciae
2026 3790 2389 3869 concilium,
2411 3790 2699 3887 hospitia
2751 3793 2810 3859 ei
2855 3792 3125 3878 gratuita
3161 3788 3558 3858 decrevere:⁶
3642 3787 3813 3857 Haec
3843 3809 3994 3857 vero

445 3926 569 3974 non
603 3926 737 3974 eam
768 3911 889 3975 vim
917 3907 1145 3975 habent
1176 3910 1537 3996 quasivero
1590 3929 1702 3996 per
1760 3927 1996 3976 omnem
2025 3906 2350 3974 Graeciam
2382 3897 2462 3974 ab
2485 3906 3038 3996 Amphictyonibus
3074 3906 3323 3973 decreta
3354 3904 3701 3991 Polygnoto
3738 3904 4006 3994 hospitia

445 4026 603 4100 sint,
654 4039 814 4112 quae
855 4043 969 4113 per
1016 4042 1185 4100 eam,
1237 4037 1425 4111 quae
1446 4026 1718 4113 ipsorum
1766 4036 1900 4091 erat
1947 4033 2255 4113 potestas,
2306 4044 2384 4090 ne
2437 4033 2721 4112 poterant
2770 4022 3013 4110 quidem
3063 4021 3144 4090 ab
3196 4024 3274 4089 iis
3327 4020 3614 4098 decerni,
3667 4020 3780 4089 sed
3837 4020 3996 4087 illud

445 4158 624 4207 uuum
677 4139 1055 4224 significant,
1105 4140 1462 4230 proxeuiam
1514 4138 2073 4244 Amphictyonicam
2124 4138 2472 4226 Polygnoto
2526 4159 2892 4206 concessam
2947 4139 3127 4216 esse',
3157 4138 3382 4228 'qualis
3436 4138 3684 4205 decreto
3734 4136 3999 4230 quodam

447 4386 668 4456 εὔνουν
719 4387 832 4466 (tit.
870 4387 1149 4447 Mesambr.
1182 4392 1370 4458 2053,
1409 4389 1494 4468 b.)
1536 4397 1809 4467 perpetuo
1843 4403 1997 4461 esse,
2040 4400 2134 4451 aut
2170 4390 2389 4472 ἕκτενῆ
2417 4390 2520 4456 καὶ
2566 4386 2794 4457 εὔνουν
2830 4383 3160 4472 'intinge-w,
3201 4399 3294 4447 aut
3333 4383 3561 4454 εὔνουν
3617 4388 3722 4454 καὶ
3756 4387 3998 4468 aedon-

446 4512 567 4569 μου
593 4485 812 4556 ἑαυτὸν
847 4491 935 4571 ²⁹³
967 4488 1140 4574 δήμῳ
1182 4491 1471 4555 διατελεῖν
1520 4485 2000 4573 [παρεχόμενον]
2039 4491 2142 4555 καὶ
2178 4492 2304 4576 ἰδίᾳ
2330 4498 2460 4566 τοῖς
2492 4485 2959 4573 ἐύτυγχάνουσιν
2995 4484 3168 4575 αὐτῷ
3212 4493 3337 4571 τῷν
3372 4494 3666 4555 notan&
3701 4491 3997 4567 σνμπσοί-
4087 4527 4094 4536 ·

448 4581 705 4655 πασθαι
737 4590 1014 4669 σπουδῆς
1061 4581 1254 4654 οὖθὶν
1290 4590 1687 4655 ἐπιλείποντα
1726 4591 1794 4655 ἐν
1854 4595 2004 4657 πᾶσι
2036 4598 2166 4666 τοῖς
2204 4586 2592 4672 ἀξιουμένοις
2638 4591 2729 4669 (st
2758 4591 2800 4649 1·
2835 4589 3040 4668 2056·)
3230 4588 3364 4667 ¹⁰⁰)
3423 4591 3481 4647 C·
3525 4591 3566 4648 1·
3615 4609 3708 4648 ¹1⁰·
3741 4592 3848 4659 84,
3893 4592 3991 4650 90·

456 4690 592 4769 ¹ss)
635 4685 838 4751 Tkoo-
863 4690 961 4759 111,
1002 4695 1061 4748 2.
1231 4689 1366 4768 ¹⁰²)
1410 4684 1611 4750 Thac.
1642 4691 1723 4762 11,
1752 4694 1849 4751 29.
2023 4690 2158 4769 ¹⁹⁸)
2202 4691 2282 4749 Cf.
2326 4692 2545 4752 decreta
2582 4692 2940 4751 Minoem-um
2987 4692 3241 4766 Amorgi,
3283 4691 3713 4767 Calymniorum‚
3753 4691 3992 4750 incertae

446 4791 699 4851 Aeolicae
746 4791 972 4849 civitatis
1015 4798 1072 4849 et
1109 4785 1457 4850 Peltenorum
1514 4792 1777 4868 Phrygiae
1822 4794 1878 4850 in
1923 4792 1983 4850 C.
2023 4793 2066 4850 1.
2118 4793 2209 4849 Gr.
2253 4796 2443 4862 2264,
2487 4794 2527 4850 1.
2588 4796 2979 4856 2671.„3641.
3023 4794 3198 4852 3568.
3413 4789 3687 4868 .¹⁰.·).C.
3723 4788 3764 4845 1.
3815 4792 3987 4850 3596.

457 4890 587 4970 ¹⁸⁵)
632 4884 906 4951 loom-at.
948 4891 1129 4951 Antid-
1169 4908 1227 4966 p.
1258 4893 1356 4950 87.
1450 4886 1742 4952 ΒοεοΗι.
1790 4892 2044 4951 Prooem.
2097 4893 2153 4950 in
2200 4892 2358 4952 Piud.
2387 4894 2464 4964 11,
2517 4899 2587 4964 2,
2636 4911 2694 4970 p.
2723 4898 2822 4954 18.
3013 4889 3147 4971 ιθ’)
3202 4885 3402 4951 Pena.
3447 4892 3512 4949 N.
3555 4891 3672 4961 Vll,
3713 4891 3812 4950 6⁵.
3847 4945 3856 4958 ,
3892 4891 3992 4947 Hic

446 4994 583 5050 enim
639 5007 750 5049 non
800 5006 861 5048 se
904 5000 1144 5051 metuere
1181 4991 1341 5067 dicit,
1418 4992 1475 5048 in
1527 4993 1723 5051 Achaei
1766 4995 1870 5052 viri
1920 4993 2130 5051 lonium
2193 5011 2364 5068 supra
2436 5011 2583 5054 mare
2627 4994 2916 5055 habitantis
2965 4995 3445 5073 reprehensionem
3521 5007 3593 5051 ne
3667 4993 3986 5058 incurreret,

442 5094 720 5179 προξενίᾳ
765 5089 1121 5156 πεποιθότα.
1313 5087 1447 5169 Ι0’)
1491 5086 1667 5154 Ptin.
1705 5110 1760 5152 n.
1790 5094 1845 5152 h.
1873 5093 2067 5162 XXXV,
2099 5096 2165 5164 9,
2204 5095 2299 5155 35.
2373 5127 2388 5138 -
