4623 5882
2228 373 2277 439 Ξῖ

490 598 568 665 ab
604 606 951 663 curatorum
998 599 1315 681 potestate.
1414 586 1693 675 Denique
1755 589 1819 653 in
1871 584 1981 653 illa
2036 589 2434 677 inseripticne
2482 586 2879 678 supplendum
2942 584 3210 651 videtur:
3253 579 3645 667 ἐπιμεληταὶ
3709 578 3832 647 τοῦ
3868 572 4029 645 ‘Prot

491 716 695 795 μαίου
755 700 1277 800 καταλύμ[ατος,
1315 695 1653 787 Ῥωμαῖον
1702 714 1901 770 autem
1954 702 2309 787 κατάλυμα
2348 703 2784 773 conferendum
2817 714 2910 770 est
2963 721 3098 767 cum
3145 697 3440 787 δημοσίῳ
3493 686 3911 785 καταλύματι
3938 699 4026 788 ⁶⁰)

494 834 610 897 i.e.
644 827 893 917 publico
923 808 1287 893 deversorio
1331 842 1383 891 s.
1431 820 1695 909 hospitio
1721 818 1849 903 ⁶¹);
1902 820 2266 887 crediderim
2310 823 2498 908 igitur
2529 833 2801 911 tempore
2834 817 3006 885 illins
3044 819 3458 906 inscriptionis
3492 816 3784 886 Romanis
3834 819 4038 887 locum

498 947 693 1013 tuisse
756 942 1016 1033 Spartae
1074 938 1319 1028 publice
1383 937 1619 1015 datum,
1711 957 1834 1024 quo
1903 936 2265 1005 deversorio
2314 949 2662 1013 uterentur,
2738 937 2994 1020 eiusque
3044 932 3167 1000 loci
3226 954 3375 1001 suos
3440 934 3638 1002 luisse
3689 948 4035 1006 curatores.

502 1061 711 1149 ltaque
753 1080 875 1128 non
929 1077 1005 1124 ex
1048 1075 1126 1123 ea
1179 1055 1575 1143 inscriptione
1629 1063 1882 1142 apparet
1931 1051 2129 1149 §avon
2165 1052 2350 1127 τινός
2417 1053 2527 1121 sed
2594 1064 2818 1121 tantum
2873 1045 3134 1123 ξενικοῦ
3177 1048 3639 1130 καταλύματος
3688 1053 3885 1121 fuisse
3931 1074 4039 1121 cu-

501 1191 760 1243 ratores.
822 1211 899 1220 —
1002 1170 1335 1239 Videamus
1399 1171 1476 1238 de
1519 1168 1780 1237 Petiliae
1828 1174 2139 1259 proxeniS.
2239 1169 2468 1238 Horum
2521 1188 2766 1258 quoque
2818 1168 3112 1234 memoria
3160 1188 3282 1235 uno
3334 1178 3496 1234 extat
3541 1167 3719 1246 loco,
3768 1171 3832 1235 in
3861 1170 4037 1237 titulo

504 1293 923 1380 antiquissimo
974 1287 1321 1362 Petiliensiz
1369 1290 1432 1354 in
1480 1286 1598 1353 hoc
1649 1289 1808 1352 enim
1857 1296 1995 1375 post
2039 1287 2232 1355 verba
2251 1286 2421 1361 Θεὸς
2470 1284 2668 1367 Τύχα.
2765 1280 3023 1358 Σαῶτις
3071 1282 3306 1348 δίδωτι
3348 1287 3659 1367 Σικαινίᾳ
3693 1284 3821 1349 τάν
3868 1289 4041 1353 Foc-

507 1414 659 1474 κίαν
708 1409 817 1473 καὶ
867 1401 1082 1471 τᾶλλα
1130 1402 1379 1469 πάντα.
1472 1401 1867 1487 Δαμιωργὸς
1931 1404 2341 1492 Παραγόρας
2392 1405 2713 1490 leguntur:
2778 1399 3110 1489 Πρόξενοι
3155 1403 3477 1487 Μίνκων,
3523 1392 4040 1488 “Λρμοξίδαμος,

501 1517 955 1608 Ἀγάθαρχος,
985 1519 1305 1601 Ὅνοῑτᾶς,
1347 1518 1736 1607 Ἐπίκουρος.
1835 1520 2077 1588 Certum
2128 1535 2223 1590 est
2273 1508 2575 1591 contineri
2630 1540 2706 1588 eo
2756 1508 2934 1586 titulo
2965 1520 3304 1584 testamenti
3353 1517 3627 1597 tabulas,
3682 1508 3908 1589 certum
3945 1537 4040 1592 est

505 1653 866 1713 testamento
917 1640 1248 1709 scribendo
1298 1641 1692 1724 magistratus
1741 1658 2187 1725 nonnumquam
2223 1638 2531 1706 adhibitos
2559 1635 2721 1725 apud
2744 1634 3023 1703 Graecos
3057 1654 3201 1702 esse
3243 1644 3304 1702 et
3335 1632 3720 1731 δαμιωργὸν
3767 1638 4040 1708 doricum

504 1763 963 1846 magistratuum
1012 1776 1233 1826 nomen
1283 1754 1514 1833 fuisse3
1566 1774 1677 1843 per
1726 1775 1797 1821 se
1847 1756 2037 1839 igitur
2083 1753 2265 1821 habet
2317 1773 2468 1822 sane
2509 1769 2793 1839 magnam
2842 1750 3302 1842 probabilitatis,
3339 1754 3607 1841 speciem
3657 1756 3837 1822 etiam
3901 1776 4043 1844 pro-

509 1896 738 1947 xenos.
804 1878 905 1962 qui
958 1877 1023 1941 in
1072 1858 1145 1940 eo
1199 1872 1374 1939 titulo
1426 1871 1743 1945 dicantur,
1816 1873 2279 1955 magistratuum
2346 1878 2646 1960 potestate
2725 1868 2944 1936 fnisse.
3109 1866 3537 1936 Verumtamen
3604 1871 3660 1936 si
3723 1872 3820 1938 illi
3883 1872 4044 1940 tales

509 1994 772 2060 fuissent
818 1992 1243 2075 magistratus,
1295 1987 1515 2075 quales
1561 1986 1916 2056 Boeckhius
1991 1989 2198 2055 statuit
2242 1987 2683 2079 Spartanorum
2749 1985 2950 2053 fnisse
3005 2004 3347 2074 proxenos,
3421 1985 3672 2054 difficile
3725 1999 3821 2055 est
3869 1990 4046 2056 intel-

510 2108 730 2192 legere
776 2126 889 2172 cnr
946 2106 1039 2173 illi
1081 2100 1459 2194 potissimum
1522 2102 1851 2172 scribendo
1898 2113 2259 2173 testamento
2314 2108 2434 2173 sint
2481 2102 2753 2172 adhibiti.
2855 2100 3036 2183 Quod
3096 2103 3253 2168 enim
3319 2120 3402 2169 ea
3442 2099 3797 2170 difficultate
3869 2115 3932 2172 nt
3979 2128 4048 2174 se

516 2222 862 2312 expediret,
913 2204 1176 2291 coniecit
1215 2220 1600 2301 Boeckhins,
1666 2218 1943 2287 Petiliam
1980 2222 2268 2289 institutis
2320 2221 2679 2290 Doricarum
2729 2220 3033 2285 civitatum
3105 2228 3249 2284 esse
3297 2237 3467 2285 usam
3489 2271 3504 2295 ,
3587 2220 3652 2309 in
3701 2217 3798 2285 his
3851 2231 4051 2290 autem

514 2340 909 2428 peregrinum
975 2359 1101 2406 non
1159 2338 1420 2406 licuisse
1469 2336 1757 2405 heredem
1818 2335 2132 2415 scribere,
2206 2358 2515 2428 proxenos
2573 2338 2765 2421 igitur
2818 2337 2879 2400 in
2931 2332 3229 2401 mandatis
3279 2334 3571 2404 habuisse
3634 2322 3699 2402 nt
3748 2351 4052 2417 caverent,

516 2476 596 2523 ne
648 2456 750 2542 qui
796 2456 1107 2542 peregrini
1165 2458 1228 2523 in
1272 2456 1490 2521 civium
1543 2455 1920 2521 testamentis
1991 2453 2254 2551 heredes
2303 2452 2756 2528 scriberentur,
2867 2450 3095 2540 duplici
3165 2452 3409 2517 nomine
3483 2451 3785 2541 displicet.
3925 2452 4057 2521 Pri·

518 2592 676 2639 mum
726 2574 885 2639 enim
951 2574 1278 2658 peregrino
1336 2591 1414 2637 ne
1459 2570 1744 2649 Athenis,
1806 2591 1885 2636 ne
1933 2575 1994 2635 in
2064 2568 2292 2638 Ionicis
2339 2569 2583 2658 quidem
2630 2567 2976 2635 civitatibus
3036 2585 3402 2635 concessum
3452 2580 3586 2636 erat
3632 2570 3788 2637 civis
3842 2569 4058 2638 heredi

522 2708 736 2767 esse3-
774 2686 1028 2756 carebat
1069 2688 1226 2754 enim
1267 2686 1379 2754 ille
1424 2698 1481 2753 et
1526 2688 1926 2761 commercio,
1996 2688 2130 2753 sine
2173 2707 2295 2776 quo
2343 2706 2467 2754 non
2518 2686 2580 2751 in
2621 2683 2820 2756 bona.
2895 2694 2955 2752 et
2992 2678 3392 2765 ἀγχιστείᾳ,
3469 2687 3603 2752 sine
3652 2706 3776 2773 qua
3825 2708 3947 2756 non
3994 2690 4058 2755 in

524 2824 708 2872 sacra
750 2802 1003 2873 succedi
1041 2814 1313 2892 poteram
1364 2801 1691 2895 prohibere
1732 2805 1922 2888 igitur
1967 2823 2087 2891 quo
2133 2806 2332 2870 minus
2384 2802 2464 2870 ab
2518 2804 2653 2868 cive
2691 2800 2875 2868 heres
2923 2801 3287 2890 peregrinus
3325 2803 3752 2869 institueretur*
3789 2804 3843 2869 si
3891 2817 4061 2872 esset

524 2923 768 2989 omnino
822 2937 1115 2999 necesse,
1179 2917 1515 2987 cavendum
1566 2918 1789 2986 fuisset
1837 2916 2068 2988 Ionicis
2129 2900 2475 2988 civitatibus
2529 2938 2649 2985 non
2699 2920 2918 2986 minus.
3019 2916 3256 2985 Deinde
3317 2914 3489 2985 nullo
3555 2918 3738 2989 modo
3796 2940 4060 2990 necesse

528 3050 661 3105 erat
717 3034 1023 3122 singulari
1082 3037 1366 3103 cautione
1437 3033 1713 3102 adhibita
1769 3035 2131 3125 prohibere,
2200 3035 2363 3125 qnod
2424 3038 2545 3102 iam
2615 3047 2745 3102 erat
2804 3053 2919 3102 sna
2993 3045 3210 3123 sponte
3280 3037 3550 3113 irritum3
3644 3046 4062 3106 testamentum

530 3157 731 3248 enim,
773 3173 895 3242 quo
946 3154 1309 3241 peregrinus
1364 3163 1533 3218 esset
1579 3155 1700 3219 civi
1752 3150 1934 3220 heres
1986 3156 2285 3242 scriptus,
2336 3154 2473 3242 ipso
2523 3153 2658 3218 iure
2711 3151 2962 3219 carebat
3012 3152 3171 3218 omni
3223 3151 3441 3220 effectu
3488 3164 3545 3218 et
3591 3152 3820 3221 nullum
3874 3153 4063 3221 habe-

529 3269 727 3336 batur.
848 3265 1240 3336 I‘robahilius
1287 3276 1382 3333 est
1429 3268 1619 3352 igitur
1662 3288 1971 3357 proxenos
2017 3267 2370 3337 Petiliensis
2423 3267 2578 3335 tituli
2622 3288 2766 3334 esse
2819 3278 3046 3346 testes,
3112 3287 3366 3355 quorum
3417 3269 3577 3355 quod
3636 3273 3901 3358 quinque
3950 3291 4063 3338 no-

530 3387 869 3462 minantur,
936 3382 1099 3452 haud
1160 3385 1293 3450 scio
1342 3383 1893 3471 comparandumne
1955 3389 2034 3452 sit
2092 3405 2230 3452 cum
2281 3386 2550 3473 quinque
2607 3382 2899 3462 testibus,
2969 3386 3075 3472 qui
3137 3381 3297 3473 apud
3345 3381 3653 3454 Romanos
3704 3395 4062 3454 testamento

533 3521 648 3590 per
689 3519 803 3568 aes
852 3509 913 3567 et
955 3499 1175 3568 libram
1219 3509 1463 3589 praeter
1506 3499 1781 3568 familiae
1835 3511 2166 3590 emptorem
2220 3512 2280 3568 et
2342 3498 2846 3589 libripendentem
2898 3498 3363 3567 adhibebantur.
3441 3498 3577 3569 lllis
3646 3503 3903 3570 testibus
3953 3524 4065 3571 cur

539 3616 879 3701 προξένων
923 3638 1144 3685 nomen
1193 3615 1353 3704 apud
1393 3614 1763 3685 Petilienses
1831 3618 2021 3686 fuerit
2082 3619 2330 3696 nesci03
2404 3615 2702 3683 hariolari
2752 3617 2856 3704 qni
2909 3614 3090 3696 velit,
3155 3615 3335 3705 plura
3382 3620 3608 3706 possit,
3661 3619 3850 3685 veluti
3899 3618 4066 3705 quod

508 3734 901 3823 -plerumque
947 3731 1028 3800 ad
1073 3732 1232 3802 illud
1276 3732 1683 3800 testimonium
1733 3735 1915 3801 amici
1981 3743 2208 3801 tantum
2260 3732 2515 3800 admissi
2570 3734 2725 3809 sint,
2794 3743 2899 3800 aut
2941 3731 3106 3821 quod
3164 3736 3344 3821 quasi
3391 3736 3730 3802 testamenti
3779 3747 4065 3804 auctores

546 3860 607 3916 et
663 3861 1097 3937 procuratores
1149 3849 1408 3925 suerint,
1488 3867 1625 3916 eam
1693 3850 1774 3918 ab
1831 3869 2119 3919 caussam
2174 3852 2264 3917 ita
2308 3871 2455 3918 esse
2503 3848 2741 3929 dictos,
2831 3849 2945 3920 sed
2997 3848 3161 3916 istud
3215 3852 3415 3936 magis
3485 3851 3669 3918 suerit
3739 3849 4068 3919 allucinari

530 3957 727 4054 ‘qnam
794 3969 1211 4035 coniecturam
1272 3984 1515 4053 capere.
1647 3965 1816 4047 Fuit,
1906 3971 2012 4057 qui
2085 3968 2419 4035 coniiceret
2480 3945 2828 4076 herede·
2858 3977 2917 4033 et
2995 3975 3346 4033 testatorem
3421 3970 3484 4034 in
3533 3965 3848 4034 Petiliensi
3894 3968 4067 4036 titulo

547 4082 911 4169 peregrinos
970 4082 1201 4160 fuisse,
1287 4101 1441 4149 suos
1525 4085 1716 4169 igitur
1773 4083 1853 4151 ab
1909 4096 2168 4172 utroque
2235 4102 2544 4171 proxenos
2620 4103 2764 4150 esse
2828 4084 3155 4150 testimonii
3228 4102 3454 4152 caussa
3519 4082 3861 4162 adhibitos3
3959 4083 4068 4152 sed

549 4195 653 4265 vel
704 4216 784 4263 ea
830 4201 1184 4267 coniectura
1224 4217 1393 4265 vana·
1442 4209 1571 4281 est;
1636 4202 1889 4291 primum
1939 4202 2097 4268 enim
2147 4201 2213 4266 in
2260 4197 2435 4266 nulla
2486 4198 2732 4267 Graeca
2774 4202 3018 4267 civitate
3075 4201 3457 4288 peregrinis,
3522 4201 3645 4267 nisi
3692 4201 3797 4288 qui
3862 4203 4074 4287 singu-

548 4314 670 4381 lari
752 4310 1046 4382 beneficio
1112 4309 1499 4399 ἐγκτήσεως
1550 4316 1753 4385 affecti
1804 4327 2046 4393 essent,
2114 4318 2480 4405 permissum
2550 4327 2684 4384 erat
2739 4315 2958 4384 domos
3025 4313 3384 4404 possidere3
3459 4314 3679 4384 deinde
3757 4318 3936 4384 etiam
3988 4317 4070 4394 id,

552 4430 720 4518 quod
765 4422 1022 4502 Σαῶτις
1080 4443 1141 4499 et
1187 4434 1535 4508 Σικαινίας
1583 4433 1932 4502 nominibus
1983 4453 2110 4501 non
2158 4432 2403 4500 adiecta
2436 4443 2531 4499 est
2576 4434 2810 4522 patriae
2857 4431 3241 4518 significatio,
3278 4433 3448 4499 cives
3478 4429 3627 4501 illos
3666 4453 3809 4501 esse
3838 4432 4074 4522 probat.
4147 4494 4168 4503 -

554 4544 841 4615 Virorum
880 4547 1072 4625 enim,
1120 4567 1248 4617 non
1294 4549 1618 4617 mulierum
1666 4560 1808 4617 sunt
1854 4552 2135 4629 nomina3
2216 4567 2479 4638 namque
2548 4546 2910 4616 mulieribus
2980 4568 3191 4638 parum
3259 4546 3560 4616 credibile
3625 4562 3722 4617 est
3780 4559 3884 4616 aut
3954 4533 4074 4615 tam

556 4664 811 4730 vetustis
852 4660 1260 4751 temporibus,
1332 4669 1696 4755 praesertim
1742 4669 1808 4733 in
1850 4668 2130 4741 civitate,
2204 4683 2365 4752 quae
2419 4676 2638 4735 secuta
2688 4666 2767 4730 sit
2815 4664 3045 4734 Dorica
3094 4664 3396 4741 instituta,
3461 4676 3566 4732 ant
3623 4663 3754 4734 ullo
3809 4674 4080 4752 tempore

557 4797 683 4845 non
742 4777 1155 4846 intercedente
1208 4784 1438 4865 κυρίου
1499 4802 1769 4851 assensn
1842 4791 1902 4849 et
1974 4791 2273 4872 potestate
2345 4781 3019 4851 testamentifactionem
3117 4781 3338 4849 fuisse.
3401 4821 3474 4832 —-
3602 4778 3760 4848 Aliis
3840 4797 4084 4867 quoque

559 4891 904 4961 ‹zivitatibus
960 4895 1294 4984 antiquitus
1362 4918 1671 4987 proxenos
1714 4899 2154 4996 Spartanorum
2206 4898 2443 4966 similes
2503 4898 2701 4965 fuisse
2747 4900 3069 4966 verissime-
3119 4895 3472 4966 Boeckhins
3525 4895 3871 4964 coniecisse
3919 4897 4089 4964 vide-

700 5049 707 5054 ’
775 5069 873 5149 ⁸⁰)
913 5055 1372 5148 Dioclen-..xm
1412 5081 1508 5137 93.
1550 5096 1598 5135 c.
1630 5097 1684 5136 n.
1726 5080 1815 5137 W.
1869 5079 2059 5137 Cretae
2101 5097 2324 5154 quoque
2368 5079 2561 5138 similia
2595 5088 2749 5135 erant
2790 5075 3186 5154 καταλύματα.
3355 5056 3452 5150 3⁸)
3498 5072 3647 5136 Liv.
3691 5077 3748 5144 Υ,
3776 5081 3871 5136 28.
3918 5088 4098 5135 narrat

568 5173 835 5230 Romanos
867 5171 1077 5247 legatos
1101 5174 1325 5251 Liparae
1364 5177 1430 5236 ab
1469 5178 1793 5236 Timasitheo
1837 5179 2099 5237 adductos
2140 5181 2197 5237 in
2230 5174 2568 5259 publicum
2605 5174 2984 5256 hospitium.

3280 5272 3322 5332 2
