4623 5882
635 563 832 627 sentio
855 613 870 636 ‚
910 570 983 626 ¹ut
1024 558 1163 626 sola
1209 552 1513 630 ἀτελείας
1562 564 1717 623 voce
1778 553 2228 622 ordinariarum
2269 551 2695 638 liturgiarum.
2725 546 3025 636 ,ἀτελείᾳ
3073 552 3354 621 πάντων
3406 565 3464 621 et
3510 551 3896 639 liturgiarum
3939 564 4011 621 'et
4049 574 4194 644 por-

636 679 961 753 toriorum,
1012 671 1073 740 οἷ.
1128 699 1200 741 π.
1242 669 1332 744 ὧν
1382 666 1524 760 ἢπ.
1578 674 1780 757 κυρία
1825 668 2013 735 ἐστίν
2064 689 2276 738 eorum
2342 680 2571 738 tautum
2643 671 3066 758 vectigalium,
3142 692 3303 759 quae
3371 673 3436 738 iu
3499 671 3711 738 fiscum
3774 671 4037 739 civitatis
4095 691 4194 736 re-

638 789 838 859 dirent
897 793 1234 879 significari
1306 792 1733 860 immunitatem
1803 788 2072 857 arbitrer
2131 780 2447 879 (exceptis
2522 789 2711 873 igitur
2771 789 2849 855 iis
2902 788 3351 875 vectigalibus,
3444 806 3605 875 quae
3687 785 3798 853 alii
3873 786 4194 875 pendenda

641 921 886 986 essent,
941 909 1130 977 veluti
1178 911 1341 995 regi,
1393 918 1680 994 satrapae
1731 903 1835 972 vel
1885 904 2215 972 dominanti
2267 889 2438 981 urbi,
2492 903 2548 968 si
2590 905 2808 971 civitas
2867 905 3112 973 alienae
3152 904 3324 972 urbis
3363 906 3646 993 potestati
3708 902 3988 971 subiecta
4031 915 4194 975 eratz

566 1078 586 1089 -
640 1044 781 1091 nam
832 1024 979 1112 quid
1030 1046 1099 1091 re
1134 1044 1283 1091 vera
1329 1025 1515 1093 {uerit
1566 1015 1858 1114 nescio);
1949 996 2165 1087 contra
2240 1037 2392 1086 vero
2457 1013 2730 1085 ἀτέλεια
2778 1013 2873 1084 ὥν
2943 1013 3030 1085 ἂν
3098 1019 3412 1100 εἲςοίγωσι
3473 1019 3608 1085 κτλ.
3678 1029 3776 1087 est
3839 1019 3985 1087 sola
4053 1040 4196 1108 por-

640 1144 783 1208 torii
840 1143 1215 1215 immunitas,
1283 1128 1444 1228 quae
1500 1138 1726 1206 additis
1776 1137 1986 1206 verbis
2037 1133 2152 1201 ἐπὶ
2211 1135 2442 1220 κτήσει
2487 1139 2668 1203 etiam
2714 1139 3085 1207 arctioribus
3155 1137 3679 1207 circumscribitur
3725 1135 3981 1214 finibu83
4056 1157 4194 1204 nam

644 1278 722 1325 ea
778 1268 874 1327 est
936 1276 1141 1325 earum
1195 1258 1379 1327 modo
1439 1276 1678 1335 rerum,
1746 1272 1903 1343 quas
1954 1256 2094 1343 quis
2140 1273 2267 1321 non
2318 1264 2700 1321 mercaturae
2753 1252 3080 1325 faciendae
3143 1275 3375 1323 caussa
3422 1253 3533 1321 sed
3579 1255 3865 1342 proprios
3924 1257 3984 1319 in
4047 1274 4197 1321 usus

644 1373 914 1467 intulerit
957 1374 1059 1441 vel
1105 1374 1408 1445 extulerit.
2078 1440 2083 1447 ⁴
2667 1350 2676 1359 ⁹
3372 1344 3381 1361 ’
3553 1368 3558 1373 ’

939 1488 1019 1556 1u2
1057 1502 1345 1579 quattuor
1399 1466 1626 1557 tantum
1666 1490 2001 1576 proxeniae
2057 1488 2325 1556 decretis
2346 1484 2478 1581 ι94)
2530 1489 2850 1578 hucusque
2901 1492 3145 1579 repperi
3198 1489 3458 1556 ἳσοπο
3478 1490 3519 1556 λ
3541 1512 3623 1555 ιτ
3646 1512 3681 1555 ε
3705 1491 3735 1554 ί
3750 1511 3795 1555 α
3819 1511 3857 1553 ν
3907 1492 4197 1577 proxenis

646 1626 1026 1674 concessam.
1131 1605 1304 1673 Hanc
1342 1606 1695 1674 Boeckbius
1736 1604 1853 1692 ¹⁹⁵)
1880 1604 1982 1682 ¹ab
2036 1604 2386 1688 toruumq-
2423 1617 2528 1673 aut
2575 1606 2729 1673 nihil
2778 1615 2885 1674 aut
2931 1626 3057 1674 non
3100 1606 3350 1674 multum
3395 1608 3645 1677 differre
3695 1607 3844 1679 dicit
3888 1626 4005 1673 nec
4051 1625 4198 1673 con-

648 1722 1019 1790 fundendam
1066 1743 1211 1791 esse
1277 1744 1412 1791 cum
1473 1721 1824 1803 πολιτείᾳ,
1895 1722 2007 1789 sed
2078 1744 2213 1791 eam
2270 1722 2499 1789 babere
2557 1724 2708 1801 vim,
2797 1733 2864 1789 ut
2938 1726 3304 1811 peregrinus
3370 1727 3506 1814 pari
3570 1724 3708 1792 fere
3766 1743 3904 1791 cum
3961 1721 4199 1791 civibus

643 1841 883 1907 fruatur
942 1839 1106 1917 iure,
1178 1861 1301 1909 non
1366 1853 1564 1908 tamen
1646 1840 1801 1905 civis
1877 1841 1990 1918 sit3
2060 1837 2527 1907 Schoemannus
2562 1835 2693 1931 ¹⁹⁶)
2748 1850 2967 1908 contra
3024 1843 3158 1909 eius
3214 1840 3373 1908 hanc
3429 1861 3574 1911 esse
3635 1843 3757 1909 vim
3833 1842 4069 1915 statuit,
4139 1851 4201 1904 ut

646 1960 749 2044 qui
819 1975 895 2021 ea
958 1969 1126 2023 esset
1196 1956 1542 2045 praeditus,
1592 1958 1879 2025 continuo
1946 1958 2100 2023 civis
2170 1954 2374 2029 fieret,
2430 1958 2486 2023 si
2551 1956 2616 2022 in
2669 1976 2806 2024 eam
2868 1959 3171 2025 civitatem
3237 1959 3683 2043 immigrasset‚
3735 1958 3814 2025 ab
3882 1977 4007 2046 qna
4061 1956 4203 2022 ἰσο-

648 2072 1002 2137 πολιτείαν
1050 2077 1434 2162 accepisset,
1499 2086 1559 2142 et
1628 2094 1706 2139 ne
1753 2071 2035 2158 suffragii
2090 2072 2334 2161 quidem
2397 2074 2533 2140 iure
2592 2083 2760 2141 esset
2823 2073 3137 2141 exclusus.
3255 2072 3392 2160 Ego
3439 2076 3610 2142 mitto
3663 2095 3826 2142 nunc
3880 2073 4202 2140 ἰσοπολι-

648 2194 876 2268 τείαν,
939 2210 1118 2278 quam
1180 2190 1299 2256 sibi
1358 2209 1808 2276 nonnumquam
1856 2208 2126 2274 graecae
2187 2192 2466 2257 civitates
2535 2190 2991 2279 impertiebant,
3059 2201 3125 2256 ut
3178 2189 3560 2279 Hierapytnii
3629 2204 3690 2260 et
3757 2191 4024 2260 Priansii
4057 2192 4203 2282 ¹⁹⁷).

650 2311 817 2375 mitto
880 2311 1059 2374 etiam
1126 2310 1326 2392 magis
1394 2326 1525 2373 eam
1589 2304 2097 2385 ἰσοπολιτείαν,
2169 2326 2359 2394 quam,
2410 2305 2748 2392 Dionysius
2807 2305 3388 2376 Halicarnassensis
3441 2306 3751 2376 Romanos
3810 2309 4026 2376 scribit
4082 2308 4206 2375 La-

648 2427 792 2491 tinis
830 2418 963 2515 ¹⁹⁸)
1011 2424 1340 2500 tribuisse,
1409 2423 1523 2489 sed
1587 2423 1665 2491 de
1724 2443 1801 2490 ea
1870 2435 2093 2491 tantum
2166 2422 2426 2511 loquor,
2505 2443 2665 2511 quae
2750 2425 2831 2489 sit
2890 2425 2997 2491 uni
3079 2421 3382 2510 alterique
3450 2428 3817 2512 peregrino,
3896 2447 4058 2514 quae
4125 2430 4201 2493 sit

652 2543 941 2629 proxenis
996 2559 1317 2609 concessa.
1441 2538 1615 2607 Hanc
1678 2542 1866 2625 igitur
1928 2551 2252 2627 cognatam
2308 2539 2506 2606 fuisse
2570 2537 2908 2622 ῖσοτελείᾳ
2973 2552 3032 2608 et
3101 2538 3452 2622 πολιτείᾳ,
3539 2541 3788 2611 differre
3853 2553 4052 2609 tamen
4124 2544 4204 2609 ab

654 2668 910 2744 utraque
965 2658 1267 2734 arbitror,
1316 2658 1402 2723 ita
1451 2656 1694 2744 quidem
1748 2668 1809 2722 ut
1857 2656 1971 2723 illa
2023 2659 2466 2747 praestantior,
2532 2655 2649 2722 hac
2705 2660 2904 2726 minor
2955 2657 3173 2737 fuerit3
3243 2668 3376 2725 erat
3428 2661 3620 2737 enim,
3675 2661 3740 2724 ni
3780 2658 4007 2738 fallor,
4057 2658 4170 2724 tero

658 2774 901 2866 πολίτῃ
954 2776 1007 2840 si
1058 2794 1181 2842 non
1231 2776 1563 2859 migrasset
1624 2775 1689 2839 in
1739 2794 1872 2841 eam
1920 2776 2260 2851 civitatem,
2330 2793 2490 2861 quae
2542 2775 2740 2862 ipsum
2788 2774 2907 2842 hoc
2959 2773 3123 2843 douo
3172 2786 3492 2852 ornasset,
3555 2786 3725 2842 certe
3774 2794 3912 2841 cuin
3964 2777 4202 2844 civibus

655 2894 790 2960 eius
841 2890 1244 2969 connubium,
1311 2891 1367 2957 si
1418 2892 1779 2976 migrasset,
1843 2891 2002 2959 idem
2072 2891 2207 2958 sere
2271 2891 2413 2970 ius,
2479 2890 2643 2978 quod
2712 2891 2951 2960 civibus
3003 2885 3270 2973 ἀτίμοις
3287 2894 3318 2977 ,ξ
3367 2892 3473 2980 qui
3522 2894 3693 2960 cives
3741 2891 3982 2981 quidem
4037 2907 4204 2962 erant

654 3029 854 3096 neque
903 3020 1105 3074 tamen
1146 3008 1370 3095 optimo
1419 3009 1572 3074 iure.

948 3123 1349 3191 Brevioribus
1400 3122 1548 3191 licet
1597 3145 1744 3193 esse
1795 3128 1858 3194 in
1929 3124 2351 3206 πολιτείᾳ
2419 3145 2471 3191 s.
2521 3130 2590 3191 in
2641 3130 2910 3201 civitate,
2979 3145 3161 3213 quam
3209 3128 3503 3213 proxenis
3578 3130 3977 3196 concessisse
4051 3151 4201 3198 non-

656 3262 976 3329 numquam
1043 3239 1432 3314 Lamienses,
1500 3238 1942 3319 Heracleotas,
1993 3244 2468 3327 Anticyrenses,
2531 3241 3060 3320 Mesambrianos,
3139 3239 3503 3322 Odessitas,
3579 3243 3888 3312 Minoetas
3937 3248 4205 3332 Amorgi,

553 3368 557 3374 ’
656 3357 928 3435 Tenios,
981 3356 1463 3432 Carthaeenses‚
1535 3356 1904 3444 Gortynios,
1955 3356 2277 3436 lasenses,
2329 3355 2626 3438 Ilienses,
2680 3358 2985 3445 Gymaeos
3033 3358 3330 3447 probatur
3377 3360 3878 3448 inscriptionibus
3894 3355 4067 3454 ¹⁹⁹);
4147 3367 4206 3429 in

660 3474 1016 3541 Iasensibus
1067 3473 1258 3540 titulis
1310 3467 1454 3566 (no.
1482 3474 1691 3542 2676.
1718 3470 1974 3568 2678.)
2034 3476 2278 3544 additur
2344 3479 2689 3558 μετέχοντι
2759 3474 3080 3555 πάντων,
3159 3468 3254 3540 ὦν
3324 3479 3439 3541 καὶ
3498 3473 3568 3542 οἱ
3638 3476 3868 3543 λοιποὶ
3951 3477 4205 3566 (ἄλλοι)

661 3592 938 3657 πολῖται
991 3585 1294 3677 (Ἰασεῒς)
1329 3595 1717 3673 μετέχουσις
1768 3592 2051 3661 similiter
2095 3595 2161 3659 in
2209 3590 2612 3662 Carthaeensi
2664 3592 2761 3682 (C.
2800 3591 2848 3660 l.
2889 3614 2992 3662 110.
3033 3592 3277 3681 2353.)
3330 3590 3509 3660 εἶναι
3541 3592 3616 3660 δὲ
3646 3590 3831 3682 αὐτῷ
3858 3596 4212 3664 πολιτείαν

561 3706 571 3722 ‘
660 3710 732 3788 ἐγ
766 3712 1091 3797 Καρθαίᾳ
1149 3712 1261 3773 καὶ
1299 3713 1436 3782 τοῖς
1490 3707 1784 3787 ἐκγόνοις
1843 3704 2056 3774 αὐτοῦ
2095 3711 2447 3791 μετέχουσι
2501 3733 2573 3776 π.
2610 3702 2706 3776 οἶν
2743 3687 2857 3775 καὶ
2890 3708 2961 3775 οἱ
2994 3706 3195 3776 ἄλλοι
3255 3711 3582 3787 πολῖταις
3642 3714 3707 3778 in
3753 3713 4068 3782 nonnullis
4092 3715 4214 3805 ²⁰⁰)

662 3829 853 3896 titulis
904 3828 969 3895 id
1020 3830 1199 3895 etiam
1247 3827 1530 3893 tribuitur
1578 3846 1851 3915 proxeno
1873 3877 1890 3905 ,
1943 3838 2008 3894 ut
2058 3829 2116 3893 ei
2165 3826 2354 3894 liceat
2402 3827 2678 3897 adscribi
2731 3829 3042 3918 phratriae
3088 3827 3396 3917 tribuiqne
3448 3830 3550 3896 cni
3594 3830 3732 3917 ipse
3784 3828 3948 3896 velit.
4072 3832 4213 3899 Sin-

664 3943 884 4031 gulare
931 3954 1028 4011 est
1070 3954 1195 4010 tum
1244 3942 1399 4011 illud
1458 3942 1623 4031 quod
1671 3946 1738 4011 in
1784 3942 1963 4010 titulo
2012 3942 2424 4011 Minoetarum
2474 3944 2727 4031 Amorgi
2777 3944 3041 4013 Nicolao
3070 3944 3417 4013 Aristarchi
3462 3943 3591 4013 filio
3642 3942 3882 4013 Rhodio
3939 3968 4210 4036 proxeno

598 4081 603 4088 ¹
646 4059 980 4128 ‘tribuiturz
1024 4051 1352 4144 ὖπᾶρχειν
1411 4056 1484 4123 δὲ
1523 4053 1709 4149 αὐτῷ’
1763 4081 1836 4125 τε
1880 4062 1991 4123 καὶ
2047 4056 2343 4139 ἐκγόνοις
2398 4060 2754 4127 πολιτείαν
2820 4065 2931 4128 καὶ
2999 4059 3484 4148 ἐκκλησίαν
3533 4064 3573 4129 i.
3626 4081 3680 4128 e.
3733 4043 4210 4150 ius'2suffragio-

3874 4157 3886 4194 l

668 4332 889 4401 decreto
931 4346 1023 4386 no.
1056 4332 1231 4390 2558.
1464 4331 1585 4407 ¹⁹¹)
1630 4333 1686 4390 ln
1728 4335 1998 4393 Chaliensi
2043 4336 2228 4404 1567,
2294 4337 2348 4392 in
2388 4335 2604 4393 duobus
2650 4334 3141 4393 Thaumacensibus
3178 4338 3333 4394 1772
3385 4352 3503 4410 sq.,
3562 4343 3619 4391 et
3656 4335 3711 4391 in
3747 4334 3990 4391 Cretensi
4037 4336 4212 4394 2558.

677 4430 802 4508 ¹⁹⁵)
845 4431 903 4488 C.
938 4432 977 4487 1.
1012 4433 1052 4487 1.
1087 4449 1144 4506 p.
1181 4436 1318 4491 732.
1538 4429 1662 4508 ¹⁹⁶⁵)
1704 4437 1767 4491 A.
1799 4435 1840 4493 1.
1872 4436 1931 4493 P.
1971 4436 2062 4494 Gr.
2094 4456 2149 4511 p.
2188 4440 2325 4495 377.
2562 4435 2687 4513 ¹⁹⁹¹)
2732 4436 2791 4492 C.
2824 4436 2865 4492 1.
2902 4437 3081 4495 2656.
3298 4434 3423 4513 ¹⁹⁸)
3476 4435 3554 4491 De
3595 4436 3695 4493 hac
3735 4427 4055 4496 Niebuhr.
4088 4436 4215 4494 hist.

671 4532 832 4590 Rome
860 4532 936 4600 11,
982 4533 1060 4590 56
1090 4547 1246 4604 sqq„
1299 4547 1460 4606 quem
1499 4525 1590 4590 W
1581 4528 1834 4593 alternas
1878 4538 2128 4610 sequitur
2185 4535 2339 4613 (bist.
2383 4538 2489 4593 iur.
2537 4536 2693 4593 Rom.
2750 4554 2808 4611 p.
2857 4537 2935 4594 59
2978 4533 3130 4612 sq.),
3189 4536 3358 4593 multa
3406 4535 3687 4610 praeclare
3729 4534 3981 4607 scripsit,
4038 4553 4218 4613 neque

673 4642 849 4691 tamen
900 4649 988 4690 me
1038 4633 1093 4689 in
1130 4630 1378 4688 omnibus
1418 4630 1583 4689 habet
1624 4636 2021 4695 assentientem.
2236 4634 2374 4713 ¹⁹⁹)
2419 4636 2502 4693 Cf.
2548 4636 2859 4694 Lamienses
2910 4635 3101 4692 titulos
3159 4654 3247 4710 ap.
3294 4629 3627 4713 Stephani
3669 4650 3761 4691 no.
3810 4636 3905 4691 15.
3945 4640 4039 4695 16.
4095 4637 4215 4712 (ubi

677 4732 1041 4806 interponitur
1087 4725 1195 4793 τὸν
1226 4724 1423 4793 πάντα
1464 4729 1713 4813 χρόνον)
1775 4738 1870 4794 16.
1916 4742 2006 4796 19.
2039 4742 2137 4797 27.
2178 4736 2253 4815 (2)
2283 4741 2398 4805 283
2452 4737 2596 4794 titul.
2628 4736 2842 4794 Heracl.
2893 4753 2980 4809 ap.
3016 4728 3241 4814 steph.
3282 4752 3378 4792 no.
3427 4742 3534 4806 333
3592 4734 3734 4792 titul.
3782 4735 4024 4811 Anticyr.
4069 4736 4214 4813 apud

566 4871 567 4874 η
675 4825 901 4890 Leuke
935 4850 1029 4889 no.
1068 4835 1195 4899 96..
1240 4829 1331 4912 ubi
1363 4839 1448 4887 est
1484 4829 1889 4912 πολι[τεί]αν;
1935 4838 2147 4895 titulum
2186 4838 2546 4894 Minoetarum
2583 4837 2649 4893 ab
2687 4833 2937 4896 Rossio
2977 4834 3179 4892 editum
3241 4837 3297 4893 in
3352 4829 3695 4897 Ger-hardi
3739 4836 4024 4895 Archaeol.
4080 4839 4214 4895 Zeit.

677 4932 851 4987 1843.
891 4931 1151 5008 Reliquos
1185 4930 1292 4988 vid.
1324 4931 1377 4986 in
1409 4930 1467 4986 C.
1506 4933 1546 4989 l.
1593 4936 1768 5005 2053,
1810 4919 1875 4992 bJ'
1907 4939 2081 4996 2056.
2120 4942 2295 4996 2330.
2339 4941 2513 4996 2353.
2560 4940 2738 4998 2560.
2795 4930 3213 5010 Φιλόξενος-
3241 4940 3595 5017 Κυρηναῖος
3638 4936 4016 5019 Γορτυνιέων
4064 4933 4217 5019 πρό-

675 5032 846 5105 ξενος
883 5032 985 5093 καὶ
1030 5034 1276 5106 πολίτας
1305 5020 1490 5106 αὐτὸς
1527 5033 1631 5098 καὶ
1678 5033 1935 5126 ἔκγονοι.
1980 5040 2168 5105 2673,
2225 5037 2280 5095 b.
2327 5041 2504 5097 2676.
2547 5042 2724 5097 2678.
2939 5034 3076 5112 ²⁰⁰)
3129 5037 3307 5095 Veluti
3349 5038 3403 5093 in
3458 5035 3628 5092 Tenio
3675 5036 3734 5093 C.
3767 5036 3806 5092 l.
3839 5053 3932 5093 no.
3974 5042 4132 5095 2330
4165 5048 4216 5096 et

674 5133 726 5187 in
757 5132 937 5190 Iliensi
968 5133 1121 5204 3595
1158 5130 1259 5196 καὶ
1297 5125 1451 5214 πρός
1489 5128 1691 5216 φυλὴν
1731 5136 1835 5200 καὶ
1891 5140 2192 5220 φρατρίαν
2238 5143 2740 5220 προςγραφῆναι,
2783 5135 3006 5203 ὁποίαν
3049 5130 3136 5217 ἄμ
3183 5129 3538 5218 βούλωνται.
