4623 5882
462 605 670 671 facere
721 614 842 671 tum
899 625 1001 672 res
1052 607 1189 694 ipsa
1244 604 1453 683 docet,
1507 615 1627 673 tuin
1679 604 2002 673 meliorum
2053 606 2589 691 grammaticorum
2638 603 3016 670 Graecorum
3045 600 3133 688 ⁶⁵)
3190 602 3552 690 explicatio,
3605 604 3709 688 qui
3759 598 4015 683 πρόξε-

462 742 579 784 νον
628 721 842 788 volunt
892 723 974 787 ita
1018 721 1215 789 fuisse
1262 721 1558 811 hospitem
1611 723 1981 810 peregrinae
2032 721 2332 796 civitatis,
2385 732 2449 787 nt
2502 720 2712 799 ξένος,
2779 740 2957 807 quem
3012 721 3338 806 sequiores
3408 720 3743 806 scriptores
3807 713 4013 783 ἰδιό-

465 838 651 910 ξενον
698 836 1016 909 dicebant,
1088 841 1326 929 priyato
1390 839 1610 926 privati
1662 841 1974 926 peregrini
2025 838 2288 926 hospitio
2343 859 2493 905 usus
2546 840 2642 905 sit.
2769 834 2924 902 Hinc
2978 835 3099 901 sibi
3149 846 3530 922 opponuntur
3579 836 3903 918 προξενίαι
3955 847 4013 901 et

461 957 661 1040 φιλία
705 951 1009 1036 {demum}
1033 952 1166 1039 ⁰⁶),
1214 952 1560 1040 προξενεῖν
1612 965 1671 1021 et
1720 952 1862 1035 ἰδίᾳ
1917 954 2103 1026 ξένον
2154 949 2330 1018 εἶναι
2358 953 2487 1040 ⁶⁷),
2535 930 2865 1041 πρόξενον
2899 963 2959 1018 et
2986 949 3316 1022 ῖδιόξενον
3365 947 3542 1015 εἶναι
3575 950 3685 1036 ⁶⁸).
3777 951 4014 1031 Quodsi

459 1071 781 1159 tragoedia
829 1071 1061 1142 Attica.
1126 1091 1284 1159 quae
1335 1092 1412 1139 eo
1464 1074 1707 1139 nomine
1759 1071 1837 1138 ab
1884 1072 2296 1157 grammaticis
2350 1071 2844 1159 reprehenditur,
2917 1067 3312 1135 nihilominus
3385 1068 3715 1153 πρόξενον
3765 1067 3842 1134 de
3893 1070 4014 1156 pri·

460 1202 600 1255 vato
655 1186 1119 1276 peregrinorum
1165 1187 1268 1254 vel
1320 1185 1559 1276 hospite
1588 1185 1677 1273 ⁶⁹)
1745 1186 1849 1253 vel
1926 1198 2185 1276 patrono
2219 1188 2305 1271 ⁷⁰)
2377 1187 2554 1267 dixit,
2619 1189 2684 1255 id
2733 1187 3002 1254 sortasse
3055 1187 3148 1251 sic
3199 1170 3422 1251 sactum
3471 1198 3601 1263 est,
3665 1184 3826 1272 quod
3882 1205 4017 1251 cum
4120 1202 4132 1229 ·

458 1321 865 1393 proxeuorum
917 1300 1104 1368 suerit
1153 1314 1213 1370 et
1266 1305 1605 1389 civitatem,
1675 1306 1853 1370 cuius
1904 1306 2161 1393 proxeni
2215 1316 2459 1383 essent,
2509 1304 2756 1393 publice
2807 1313 2867 1369 et
2919 1304 3051 1368 eius
3104 1305 3275 1370 cives
3327 1304 3603 1390 privatim
3656 1321 3791 1367 cum
3844 1292 4007 1369 omui

346 1408 355 1417 ⁰
460 1416 796 1485 officiorum
843 1436 1076 1503 genere
1125 1420 1455 1507 prosequi,
1517 1430 1643 1487 tum
1696 1420 1941 1507 legatos
1993 1424 2097 1510 qui
2150 1420 2325 1487 illinc
2395 1423 2460 1487 in
2529 1439 2703 1487 suam
2754 1420 3057 1486 civitatem
3099 1429 3311 1486 essent
3359 1419 3531 1484 missi
3582 1417 3846 1505 hospitio
3898 1437 4015 1484 suo

460 1537 772 1623 excipere,
837 1534 960 1599 iam
1007 1552 1230 1601 nomen
1279 1535 1696 1603 similitudinis
1763 1556 1996 1604 caussa
2044 1538 2407 1606 translatum
2459 1549 2554 1605 est
2613 1539 2684 1603 in
2746 1554 2998 1611 omnes,
3076 1538 3442 1624 quicumque
3493 1536 3855 1622 peregrinos
3906 1531 4009 1599 vel

456 1651 717 1740 hospitio
789 1651 1141 1737 exciperent
1202 1650 1305 1717 vel
1369 1654 1710 1740 patrocinio
1779 1664 2111 1722 tuerentur.
2250 1653 2323 1722 Si
2388 1675 2537 1723 vero
2620 1654 2873 1743 proxeni
2894 1705 2909 1728 ,
2985 1650 3205 1739 quales
3253 1649 3479 1741 Sparta
3525 1660 3589 1715 ‘et
3636 1648 3856 1738 Delphi
3909 1649 4016 1715 ha·

455 1765 713 1840 bebant,
785 1766 1150 1852 antiquioris
1201 1768 1463 1853 originis
1522 1778 1663 1835 sunt
1711 1790 1891 1857 quam
1942 1771 2277 1856 vulgares,
2330 1770 2604 1840 sortasse
2669 1767 2748 1835 ab
2816 1768 2946 1835 illis
3011 1770 3387 1853 tragicorum
3441 1786 3589 1832 usus
3641 1765 4014 1831 derivandus

455 1882 568 1948 est.
664 1880 1028 1966 Προξενεῖν
1076 1892 1276 1949 autem
1325 1883 1581 1951 verbum
1625 1895 1731 1952 aut
1780 1886 2084 1971 significat
2133 1906 2523 1976 „proxenum
2582 1894 2780 1956 esse“
2844 1896 2906 1950 et
2955 1883 3055 1951 ubi
3111 1904 3186 1950 eo
3241 1895 3337 1951 est
3397 1880 3773 1967 significatu,
3841 1881 4014 1968 addi-

452 2010 573 2064 tum
625 1996 807 2065 habet
856 2000 1188 2095 genitivum
1235 2000 1370 2066 eius
1420 2001 1665 2090 populi,
1734 2003 1910 2069 cuius
1962 2005 2041 2070 sit
2092 2003 2321 2091 aliquis
2365 2025 2716 2095 proxenuS,
2790 2012 2897 2068 aut
2962 2001 3188 2067 indicat
3274 1998 3559 2089 „aliquid
3626 1997 3813 2064 alicui
3866 2017 4014 2064 con-

398 2146 405 2157 ·
452 2112 722 2180 ciliare“
787 2124 847 2180 et
895 2122 1374 2204 „procurare,“
1435 2136 1560 2205 qua
1588 2127 1887 2207 potestate
1935 2122 1991 2186 si
2045 2130 2176 2199 est,
2230 2125 2621 2209 coniungitur
2659 2139 2796 2188 cum
2837 2116 3041 2185 dativo
3071 2136 3377 2206 personae
3424 2128 3483 2183 et
3524 2134 3732 2181 accus,
3772 2117 3892 2187 rei;
3940 2135 4015 2178 ea

448 2240 651 2297 autem
685 2229 1052 2316 significatio
1088 2233 1209 2298 iam
1242 2235 1546 2322 reperitur
1574 2233 1737 2323 apud
1771 2238 2046 2321 tragicos
2076 2237 2313 2304 Atticos
2335 2290 2350 2317 ‚
2383 2238 2546 2328 apud
2569 2236 2923 2313 Platonem,
2969 2214 3429 2322 Xenophontem
3450 2285 3465 2311 ,
3509 2232 3668 2320 apud
3710 2244 4011 2305 oratores,

454 2355 515 2411 et
571 2344 884 2433 aliquanto
949 2349 1201 2437 saepius
1265 2348 1429 2437 apud
1497 2350 1812 2418 inferioris
1864 2356 2083 2421 aetatis
2135 2355 2507 2442 scriptores,
2573 2352 2766 2421 veluti
2829 2351 2991 2441 apud
3033 2349 3452 2439 Plutarchum,
3519 2328 3817 2415 Achillem
3885 2344 4011 2413 Ta-

447 2463 592 2527 tium
632 2459 756 2548 ⁷¹);
804 2461 905 2530 his
941 2466 1123 2531 etiam
1168 2463 1492 2552 πρόξενος
1546 2468 1744 2557 ipsum
1798 2468 1875 2536 de
1926 2471 2202 2537 cuiusvis
2253 2472 2350 2538 rei
2402 2470 2606 2538 bonae
2648 2468 2927 2536 malaeve
2970 2476 3371 2556 procuratore
3402 2464 3491 2546 ⁷²)
3543 2465 3793 2541 dicitnr3
3847 2466 4012 2529 eius-

454 2578 592 2643 dem
646 2580 866 2645 aetatis
915 2583 1166 2669 propria
1215 2595 1356 2650 sunt
1402 2581 1841 2669 προξενητῆς,
1894 2585 2059 2672 quod
2109 2586 2187 2654 de
2238 2589 2620 2675 „interprete
2640 2593 2771 2662 “,s.
2828 2585 3263 2663 „internuncio
3284 2590 3340 2661 ,“
3406 2594 3467 2649 et
3510 2579 4014 2667 προξενητικόν,

447 2693 611 2780 qnod
660 2693 737 2761 de
798 2696 1158 2774 „mercede“
1210 2698 1562 2780 dicebatur,
1614 2720 1814 2789 „quae
1859 2706 2213 2790 proxenetis
2245 2704 2699 2794 procurationis
2749 2718 2979 2768 caussa
3012 2698 3333 2766 dabatur.“
3383 2698 3582 2766 Mirus
3616 2708 3710 2765 est
3756 2678 4010 2782 προξέ-

440 2938 591 3002 Liv.
617 2944 677 3011 V,
710 2947 808 3003 28.
840 2946 1181 3022 „Hospitium
1220 2965 1342 3007 cum
1391 2966 1458 3008 eo
1507 2950 1871 3029 (Timasitheo
1906 2951 2225 3030 Liparensi)
2267 2963 2485 3012 senatus
2513 2953 2764 3012 consulto
2795 2961 2880 3010 est
2911 2954 3166 3009 sactum.“
3247 2944 3353 3010 Id.
3389 2947 3641 3019 xxxvn,
3683 2952 3779 3009 54.
3828 2951 4008 3019 „Nihil

442 3043 600 3100 nobis
640 3046 921 3104 molestius
952 3056 1063 3116 est,
1107 3066 1266 3123 quam
1302 3051 1452 3124 quod
1496 3069 1617 3111 cum
1660 3053 1899 3112 Eumene
1940 3053 2100 3110 nobis
2132 3054 2454 3129 disceptatio
2500 3065 2614 3123 est,
2659 3071 2780 3111 cum
2813 3070 2922 3128 quo
2962 3069 3072 3109 uno
3118 3052 3345 3107 maxime
3389 3066 3577 3123 regum
3639 3060 3692 3107 et
3738 3053 4005 3125 privatum

441 3146 667 3218 singulis
698 3156 783 3214 et,
843 3146 992 3220 quod
1026 3151 1197 3223 magis
1228 3167 1331 3207 nos
1371 3160 1580 3221 movet,
1616 3146 1957 3231 publae‘cum
1992 3152 2298 3214 civitatis
2323 3164 2543 3213 nostrae
2577 3149 2932 3231 hospitium
2973 3156 3204 3208 est.“—-
3238 3150 3350 3208 Illis
3402 3152 3542 3208 enim
3588 3149 3725 3206 locis
3773 3151 4004 3208 dubitari

441 3246 628 3319 nequit
671 3248 799 3320 quin
855 3250 1116 3320 proxenia
1171 3249 1526 3324 significetur.
1638 3253 1946 3323 Cimonem,
2025 3271 2187 3328 quem
2239 3273 2545 3330 proxenum
2597 3233 3144 3312 Lacedaemoniorum
3196 3253 3366 3310 fuisse
3416 3244 3822 3309 Plutarchus
3867 3253 4000 3307 Cim.

444 3349 535 3401 14.
583 3346 762 3419 alique
816 3349 1291 3421 perscripserunt,
1355 3348 1580 3431 Nepos
1619 3354 1752 3409 Cim.
1791 3358 1860 3421 3,
1900 3358 1958 3410 3.
2019 3347 2368 3432 „hospitio
2403 3354 3001 3412 Lacedaemoniorum“
3043 3345 3367 3409 usum⁸esse
3412 3358 3612 3407 narrat.
3777 3349 3875 3426 ε5)
3921 3351 4001 3406 Cs.

440 3454 552 3501 not.
578 3452 635 3503 6.
844 3446 941 3521 ⁸⁶)
982 3442 1123 3505 Dio
1153 3444 1589 3531 chrysostom.
1622 3452 1715 3509 Or.
1752 3452 2026 3528 XXXVIII,
2070 3456 2298 3528 p.474,
2346 3461 2440 3513 10.
2487 3456 2632 3535 (140
2666 3451 2877 3529 Reisk.)
2918 3454 3243 3534 προξενίας
3286 3448 3352 3513 δὲ
3396 3449 3605 3531 ἔχομεν
3641 3450 3743 3514 καὶ
3798 3455 4006 3527 φιλίας

440 3542 770 3620 ἰδιωτικάς.
981 3545 1078 3623 ⁶⁷)
1120 3544 1456 3610 Demosth.
1499 3552 1566 3610 de
1611 3553 1784 3610 Rhod.
1838 3552 2018 3611 libert.
2067 3572 2123 3627 p.
2159 3557 2292 3613 194.
2358 3552 2437 3620 οὔ
2483 3559 2755 3637 προξενω
2794 3558 2916 3618 τῶν
2957 3546 3203 3633 α’νδρων
3248 3544 3377 3614 οὔτ’
3417 3550 3543 3636 ἰδίᾳ
3588 3550 3759 3627 ξένος
3794 3576 4005 3616 αυτων

441 3643 640 3718 οὐδείς
678 3645 803 3709 ἔστί
843 3669 966 3726 μοι.
1133 3647 1230 3725 ⁶⁸)
1271 3646 1558 3711 Lucian.
1585 3653 1852 3710 Phalarid.
1891 3657 2066 3730 princ.
2115 3678 2253 3720 ουτε
2287 3650 2790 3739 Ἀκραγαντίνων
2829 3650 3120 3734 πρόξενος
3158 3675 3248 3714 ων
3291 3673 3433 3714 ουτε
3473 3614 3765 3727 ἰδιόξενος
3805 3649 4005 3717 αὐτοῦ

447 3740 804 3834 Φαλάριδος.
990 3747 1088 3825 U)
1144 3750 1217 3806 Ea
1260 3759 1343 3807 est
1388 3755 1538 3809 vocis
1590 3755 1910 3828 significatio
1969 3757 2112 3833 apud
2166 3749 2474 3834 Sophocl.
2523 3757 2604 3813 ΕΙ.
2651 3759 2800 3816 1451
2867 3759 3053 3836 φίλης
3093 3749 3389 3832 προξένου
3431 3748 3816 3830 κατήνυσαν,
3858 3757 4000 3830 apud

436 3837 598 3900 Eur.
639 3828 896 3904 Androm.
943 3850 1114 3908 1105.
1157 3851 1272 3915 οὖν
1308 3851 1650 3930 προξένοισι
1687 3851 1973 3933 μάντεσίν
2010 3878 2073 3920 τε
2114 3860 2466 3934 Πυθικοῖς,
2530 3875 2617 3932 ap.
2662 3853 2823 3916 Eur.
2881 3858 2996 3914 Ion.
3039 3856 3175 3915 565
3215 3852 3526 3930 προξένων
3569 3852 3624 3915 δ’
3664 3852 3728 3915 ἐν
3768 3878 3851 3940 τῳ
3893 3879 4002 3917 κα-

436 3943 647 4020 τέσχες·
702 3943 827 4001 1hid.
869 3951 1039 4007 1056.
1092 3951 1166 4013 σύ
1213 3947 1321 4029 μὲν
1369 3957 1484 4016 νῦν
1527 3954 1665 4017 εἴσω
1708 3957 2020 4037 προξένων
2053 3957 2237 4037 μέθες
2274 3952 2459 4020 πόδα.
2551 3951 2772 4016 Scluat.
2800 3952 3100 4017 Aristid.
3144 3974 3199 4030 p.
3219 3957 3372 4013 190.
3413 3953 3568 4011 Dind.
3618 3954 3740 4018 ἐστὶ
3788 3954 3853 4018 δὲ
3900 3958 4003 4020 καὶ

433 4037 792 4123 προξενία
752 4070 793 4124 η
839 4048 1189 4131 ξενοδοχία,
1228 4075 1330 4115 και
1366 4057 1644 4135 προξενοῖ
1680 4054 1748 4119 τὸ
1789 4054 2109 4139 ξενοδόχος
2148 4053 2314 4131 τινός
2354 4058 2507 4136 εἶμι,
2572 4062 2786 4144 γενικῇ
2838 4050 3350 4134 συντασσόμενον.
3449 4060 3746 4133 μαρτυρεῖ
3795 4053 3859 4118 δὲ
3897 4056 4001 4120 καὶ

439 4143 849 4223 Λημοσθένης
883 4149 1149 4229 λέγωνη
1155 4149 1369 4230 ,Παρὰ
1404 4155 1502 4217 σοὶ
1541 4155 1827 4221 κατέλυον
1871 4159 2131 4240 Αἰσχίνη
2176 4184 2276 4222 και
2319 4178 2393 4222 συ
2433 4153 2783 4243 προύξένεις
2825 4155 3099 4234 αὖτῷν.“
3309 4152 3406 4231 ¹⁰)
3474 4154 3631 4228 Apud
3679 4149 3998 4235 Aeschyl-

437 4245 807 4319 Supp1.422.
854 4247 1144 4308 Danaidum
1185 4254 1415 4322 chorus,
1481 4271 1618 4328 quae
1661 4275 1780 4314 eum
1828 4269 1982 4332 patre
2030 4259 2208 4316 Danao
2243 4260 2433 4315 relicta
2473 4260 2720 4333 Aeffypto
2765 4263 2942 4332 Argos
2995 4266 3279 4325 venerant,
3336 4262 3530 4331 petunt
3570 4252 3634 4309 ab
3674 4257 3995 4330 Argivorum

436 4359 594 4416 rege.
619 4368 803 4427 γενου
845 4350 1157 4427 πανδίκως
1194 4343 1453 4434 ευσεβής
1493 4351 1805 4437 πρόξενος,
1843 4358 1898 4415 id
1928 4368 2028 4426 est,
2068 4370 2130 4417 ut
2158 4368 2491 4439 patronus
2534 4356 2635 4414 sibi
2681 4362 2771 4415 sit.
2831 4358 2908 4414 lb.
2926 4360 3061 4415 497.
3081 4356 3291 4414 Danaus
3328 4373 3425 4412 sua
3466 4353 3692 4411 multum
3732 4358 3995 4413 interesse

434 4441 563 4499 dicit
589 4448 829 4510 αἰδοῖον
866 4444 1159 4527 πρόξενον
1198 4455 1436 4532 λαβεῖν,
1480 4457 1533 4513 id
1574 4467 1658 4514 est
1712 4460 2076 4517 venerandum
2126 4469 2468 4536 patronum
2485 4464 2517 4489 ‘⁶
2560 4461 2817 4516 nancisci.
2899 4458 3071 4515 Etiam
3111 4475 3161 4513 v.
3205 4459 3353 4522 920,
3396 4452 3487 4510 ubi
3529 4472 3623 4512 rex
3671 4459 3994 4530 Argivorum

430 4559 751 4616 praeconem
790 4548 855 4604 ab
884 4551 1113 4623 Aegypti
1157 4551 1280 4610 liliis
1325 4559 1582 4626 missum,
1639 4568 1698 4616 nt
1734 4559 1995 4617 Danaidas
2023 4560 2401 4634 protraheret,
2447 4560 2763 4632 interrogat,
2795 4565 3061 4624 ποιοῖσιν
3101 4549 3289 4621 stum
3328 4552 3648 4636 προξένοις
3681 4555 3993 4637 ἐγχωρίοις

431 4652 591 4716 atque
638 4646 728 4703 ille
769 4650 1066 4723 respondet
1101 4645 1297 4737 Ἐρμῃ
1338 4661 1594 4745 μεγίστω
1637 4658 1905 4745 προξένῳ
1949 4664 2297 4744 μαστηρίω,
2364 4662 2421 4716 in
2463 4658 2693 4715 eundem
2732 4675 2950 4717 sensum
2993 4658 3311 4731 acceperim.
3418 4654 3507 4711 Sic
3548 4658 3706 4712 etiam
3743 4641 3985 4733 Eurip.

427 4743 567 4800 Mffll
610 4748 741 4803 359
794 4749 930 4812 τῖνα
969 4753 1293 4832 προξενίαν
1331 4788 1406 4798 --
1444 4757 1785 4841 ἐξευρήσεις
1823 4761 1890 4818 de
1928 4762 2203 4839 privato
2246 4761 2552 4835 patrocinio
2593 4759 2677 4816 vel
2717 4760 2957 4836 hospitio
3000 4758 3168 4815 dixit.
3343 4754 3438 4834 ⁷¹)
3484 4755 3565 4811 Cf.
3609 4755 3794 4820 locos,
3849 4771 3989 4828 quos

432 4838 757 4902 Ullricht'e‘
793 4849 1066 4922 diligentia
1107 4852 1336 4910 contulit
1375 4856 1413 4913 1.
1457 4876 1506 4915 c.
1552 4877 1605 4935 p.
1633 4864 1729 4921 46.
1811 4860 1961 4919 Adde
2000 4855 2259 4920 Iacobs.
2303 4863 2359 4918 in
2401 4860 2592 4917 Achill.
2635 4860 2749 4918 Tat.
2793 4879 2848 4936 p.
2872 4864 3006 4917 433.
3253 4855 3350 4934 ⁷²)
3391 4846 3704 4928 Alciphr.
3745 4853 3846 4922 ¹112
3891 4860 3986 4912 72·

426 4940 718 5020 πρόξενος
761 4954 871 5027 τῆς
905 4956 1249 5028 κοινωνίας.
1292 4955 1419 5021 1‚9.
1462 4956 1561 5021 διὰ
1602 4965 1718 5024 σοῦ
1753 4961 2048 5044 προξένου
2092 5007 2124 5032 ‚a
2143 4973 2233 5020 tua
2278 4967 2440 5036 ope“
2484 4970 2575 5030 2³2⁰
2613 4962 3060 5019 ¹¹¹²⁰rv⁰¹¹¹e¹¹tefl
3101 4960 3180 5016 ω’
3211 4954 3427 5022 ‘manu'
3464 4957 3559 5010 26'
3589 4950 3731 5009 Dim
3773 4955 3984 5028 ‘amnis'

428 5057 596 5115 neque
639 5049 778 5105 enim
825 5051 954 5105 satis
993 5069 1133 5109 nunc
1170 5057 1385 5112 memini
1424 5061 1545 5130 quis
1588 5061 1815 5132 deerit,
1874 5057 2203 5142 ὀφθαλμὸς
2244 5064 2450 5142 φιλίας
2469 5058 2803 5144 οπρθξένθς·
2916 5061 3024 5119 sed
3087 5063 3246 5120 emm
3304 5060 3389 5115 hic
3444 5054 3672 5128 praeivit
3725 5056 3980 5132 quocum.

424 5141 582 5197 mode
624 5141 937 5225 Aeschyli.
982 5153 1172 5227 Snppl.
1216 5158 1350 5213 810.
1395 5160 1653 5237 φροίμια
1694 5163 1953 5241 πρόξενοι
1993 5165 2225 5228 πόνων.
2972 5161 2978 5168 ⁴
