4623 5882
2285 348 2338 409 6

2130 433 2177 440 —1
2194 433 2295 440 --0-
2331 431 2523 439 -.—-—-

551 573 667 628 tur.
765 558 1036 647 Delphos
1083 561 1158 627 iis
1216 578 1360 626 esse
1412 579 1562 626 usos
1610 557 1919 647 Euripidis
1954 555 2048 640 ⁶²)
2100 555 2527 625 Andromache
2580 564 2640 624 et
2684 554 2796 624 Ion
2827 555 3003 624 fidem
3038 556 3305 634 faciunt,
3362 567 3546 645 atque
3608 555 3709 623 ubi
3755 556 4094 646 excipiendi

554 687 729 744 erant
776 687 863 743 tot
917 677 1260 762 peregrini,
1331 687 1475 762 quot
1507 674 1585 741 ad
1626 674 1971 761 Pythiorum
2023 671 2306 741 ludorum
2341 672 2758 740 celebritatem
2799 674 2901 741 vel
2958 671 3034 739 ad
3090 673 3406 740 oraculum
3457 670 3897 741 consulendum
3949 692 4098 740 con-

558 794 769 860 venire
820 789 1099 878 Delphos
1150 789 1469 867 solebant,
1536 794 1831 880 cauponis
1900 791 2259 879 praesertim
2329 792 2659 877 antiquitus
2710 799 2816 854 aut
2885 788 3074 854 nullis
3130 800 3233 856 aut
3287 792 3673 879 contemptis,
3725 792 3826 856 vix
3866 801 3966 856 aut
4020 810 4101 855 ne
4145 857 4150 861 ,

561 910 662 975 vix
710 907 952 995 quidem
1001 917 1238 995 poterat
1294 906 1479 972 simili
1539 909 1807 974 instituto
1856 908 2076 973 careri.
2180 904 2308 973 Sed
2386 905 2676 983 Pithias,·
2720 906 2824 992 qui
2861 903 3315 973 Atheniensium
3365 904 3891 991 ἐθελοπρόξενος
3948 905 4100 974 Cor-

562 1044 750 1110 cyrae
801 1023 1000 1089 fuisse
1053 1022 1304 1099 dicitur,
1367 1042 1492 1089 non
1543 1024 1864 1112 opponitur
1912 1024 2026 1099 iis,
2087 1043 2245 1111 quos
2309 1041 2384 1089 ex
2451 1023 2581 1088 suis
2633 1019 2871 1089 civibus
2924 1023 3178 1109 suisque
3224 1022 3494 1091 decretis
3547 1023 3917 1109 Corcyraei,
3991 1022 4103 1089 sed

564 1143 678 1219 iis,
730 1160 888 1227 quos
943 1158 1019 1207 ex
1070 1139 1440 1224 Corcyraeis
1487 1139 1889 1207 Athenienses
1924 1140 2139 1207 Atticis
2202 1138 2470 1205 decretis
2520 1138 2918 1214 nominarint,
2967 1157 3091 1225 qua
3147 1139 3224 1207 de
3276 1160 3347 1208 re
3393 1141 3557 1207 infra
3615 1140 3870 1206 dicetur.

861 1257 925 1323 3.
1003 1252 1318 1322 'Transeo
1377 1256 1458 1322 ad
1518 1241 1826 1343 proxenos
1873 1254 2176 1323 Graeciae
2230 1253 2580 1320 civitatibus
2631 1273 3020 1330 communes,
3074 1256 3136 1320 in
3189 1276 3446 1343 quorum
3498 1267 3716 1323 natura
3766 1267 3827 1322 et
3863 1260 4100 1324 ratione

566 1371 931 1462 explicanda
979 1368 1132 1437 haec
1178 1370 1584 1437 continebitur
1631 1374 2073 1440 commentatio.
2174 1369 2306 1439 Hos
2350 1372 2455 1458 qui
2502 1368 2945 1458 componebant
2995 1390 3191 1459 nuper
3215 1369 3304 1454 ⁶³)
3364 1374 3500 1439 edm
3558 1370 3951 1445 consulibus,
4002 1376 4106 1460 qui
4161 1456 4176 1473 ,

563 1509 725 1555 nunc
781 1486 1062 1554 dicuntur
1107 1496 1168 1554 et
1216 1499 1594 1565 mercaturae
1639 1487 2064 1556 defendendae
2133 1506 2365 1555 caussa
2417 1485 2622 1553 solent
2670 1488 2734 1553 in
2783 1485 3152 1563 maioribus,
3213 1486 3572 1576 praesertim
3632 1488 3948 1554 maritimis
4003 1474 4144 1553 ur-⁷

564 1603 745 1672 bibus
798 1604 1087 1671 constitui
1164 1622 1239 1669 ex
1310 1603 1522 1671 harum
1582 1603 1855 1681 civibus,
1928 1616 2182 1671 eatenus
2247 1614 2416 1671 recte
2486 1603 2829 1680 faciebant,
2898 1616 3199 1691 quatenus
3260 1625 3404 1694 pars
3464 1607 3883 1692 negotiorum,
3948 1623 4108 1691 quae
4179 1682 4190 1693 ⁶

564 1720 724 1809 apud
781 1719 1060 1786 Graecos
1132 1737 1172 1784 a
1230 1722 1520 1808 proxenis
1573 1742 2048 1806 nonnumquam
2094 1719 2616 1810 procurabantur,
2684 1738 2845 1786 nunc
2911 1719 2992 1787 ab
3070 1721 3430 1789 consulibus
3480 1719 3611 1788 illis
3657 1722 4109 1806 transiguntur3

566 1837 922 1924 ceteroquin
969 1845 1170 1901 autem
1234 1820 1445 1924 iniqua
1484 1836 1729 1905 videtur
1785 1839 2191 1926 comparatio,
2250 1856 2413 1925 quae
2474 1835 2654 1903 fallat
2696 1838 2900 1924 potius
2959 1839 3333 1904 nescientem
3353 1890 3367 1913 ,
3441 1857 3622 1925 quam
3668 1858 3799 1905 rem
3842 1836 4110 1903 abditam

566 1956 630 2019 in
687 1953 888 2019 lucem
944 1950 1272 2020 clariorem
1333 1953 1626 2042 proferat.
1743 1952 1978 2021 Etenim
2021 1957 2321 2042 proxenia
2385 1953 2744 2042 plerumque
2800 1952 3178 2041 principibus
3228 1964 3454 2020 tantum
3502 1972 3754 2020 suarum
3805 1956 4109 2021 civitatum

567 2071 719 2135 viris
773 2069 984 2136 oblata
1063 2080 1123 2134 et
1189 2088 1265 2136 ne
1340 2067 1420 2135 ab
1486 2072 1741 2156 regibus
1784 2069 2030 2158 quidem
2076 2081 2285 2159 spreta
2343 2070 2532 2157 longe
2592 2067 3091 2137 honorificentior
3133 2081 3266 2136 erat
3315 2088 3497 2157 quam
3560 2070 3658 2136 hic
3717 2072 3896 2157 quasi
3962 2090 4110 2137 con-

570 2183 849 2262 sulatus3
917 2201 1180 2270 namque
1241 2204 1366 2254 non
1417 2196 1642 2256 tantum
1707 2186 2079 2273 Polydamas
2141 2186 2601 2255 Pharsaliorum
2662 2188 2944 2276 princeps
3003 2196 3061 2252 et
3116 2183 3300 2254 lason
3357 2184 3670 2257 Pheraeos
3735 2183 4111 2255 Thessaliae

567 2311 748 2386 tagus
802 2300 1058 2388 proxeni
1101 2297 1726 2374 Lacedaemoniorum
1780 2315 1982 2381 erant,
2029 2304 2141 2372 sed
2189 2324 2268 2370 ne
2317 2301 2669 2370 Alexander
2716 2302 2960 2390 quidem
2996 2301 3341 2370 Philhellen
3375 2301 3781 2371 Macedoniae
3813 2316 3874 2370 et
3904 2301 4108 2370 Strato

570 2413 824 2482 Sidonis
879 2435 1067 2502 reges
1143 2415 1454 2505 dedignati
1531 2432 1671 2489 sunt
1731 2419 2185 2488 Atheniensium
2246 2422 2603 2510 proxeniam
2670 2426 2868 2508 neque
2927 2417 3231 2486 Eumenes
3271 2416 3327 2483 11
3375 2416 3662 2505 Pergami
3716 2438 3829 2486 rex
3881 2423 4112 2508 respuit

568 2529 946 2599 Rhodiorum
1006 2553 1078 2599 se
1133 2554 1465 2621 proxenum
1520 2537 1674 2616 dici,
1728 2536 1953 2625 quibus
2003 2538 2142 2625 quis
2222 2534 2554 2603 crediderit
2620 2546 2970 2602 nostrorum
3041 2534 3359 2603 consulum
3425 2538 3634 2602 munia
3703 2538 3928 2624 imponi
3994 2538 4111 2602 sibi

566 2667 793 2736 passos
849 2668 1014 2716 esse.
1120 2649 1334 2717 Dicam
1380 2652 1546 2739 quod
1591 2656 1827 2731 sentim
1902 2652 2263 2720 consulatus
2310 2652 2410 2719 hic
2451 2653 2516 2717 in
2579 2653 2964 2737 negotiorum
3014 2651 3393 2740 quorundam
3441 2654 3872 2739 procuratione
3917 2657 4113 2720 omnis

571 2766 944 2840 continetur,
1012 2764 1269 2835 honoris
1330 2779 1530 2836 autem
1590 2791 1715 2839 non
1757 2769 1942 2837 habet
2003 2771 2124 2837 nisi
2193 2769 2658 2846 accessionem
2730 2768 3109 2835 Graecorum
3162 2778 3362 2834 autem
3432 2770 3730 2856 ‘proxenia
3768 2771 3829 2834 in
3875 2768 4110 2836 honore

572 2882 869 2971 imprimis
912 2881 1312 2964 versabatur,
1378 2885 1459 2953 ad
1520 2906 1697 2975 quem
1748 2886 2065 2962 voluntas,
2119 2904 2242 2953 non
2299 2904 2451 2952 vero
2500 2886 2845 2952 necessitas
2894 2882 3193 2973 quandam
3226 2881 3522 2952 afferebat
3561 2887 3946 2970 negotiorum
4006 2907 4110 2953 ac-

571 3000 954 3079 cessionem3
1026 3004 1325 3089 proxenia
1407 3005 1596 3089 igitur
1674 3016 1900 3071 tantum
1960 3000 2138 3069 abest
2189 3011 2255 3068 ut
2308 3002 2702 3087 magistratus
2763 3002 2982 3076 fuerit,
3052 3012 3116 3068 ut
3179 3021 3258 3067 ne
3304 3002 3656 3089 procuratio
3710 3003 3949 3090 quidem
4008 3015 4108 3067 aut

568 3134 815 3192 munuS,
881 3117 1062 3184 immo
1112 3138 1192 3185 ne
1239 3121 1626 3206 negotiorum
1675 3120 1919 3209 quidem
1971 3120 2173 3205 gestio
2226 3117 2348 3184 dici
2392 3118 2624 3206 possit3
2692 3136 2770 3183 ea
2811 3117 2889 3184 de
2940 3139 3009 3185 re
3056 3117 3351 3183 dubitanti
3402 3116 3504 3184 vel
3555 3117 3709 3184 illud
3761 3119 4110 3207 scrupulum

572 3232 893 3308 exemerit,
947 3233 1111 3319 quod
1164 3254 1610 3325 nonnumquam
1663 3236 1877 3304 eadem
1927 3238 1991 3302 in
2040 3235 2195 3302 urbe
2245 3236 2464 3302 civitas
2512 3233 2726 3302 eadem
2774 3233 2914 3322 plus
2967 3254 3087 3302 uno
3140 3220 3418 3300 utebatur
3462 3254 3765 3321 proxeno,
3818 3253 4112 3301 nonnum-

570 3367 750 3435 quam
818 3347 918 3415 vel
996 3348 1211 3428 eodem
1263 3349 1512 3421 decreto
1563 3351 1844 3443 pluribus
1912 3352 2186 3419 eiusdem
2250 3351 2422 3418 urbis
2475 3350 2715 3418 civibus
2766 3350 2848 3417 ab
2899 3349 3115 3417 eadem
3163 3350 3407 3415 civitate
3456 3356 3753 3438 proxeuia
3809 3351 3954 3418 data
4001 3365 4110 3422 est,

573 3466 678 3552 qui
756 3466 813 3531 si
878 3475 1087 3531 essent
1155 3467 1447 3555 imprimis
1515 3469 1594 3556 ad
1657 3473 1912 3555 negotia
1967 3468 2446 3537 administranda
2494 3469 2728 3545 vocati,
2799 3487 2876 3534 ea
2939 3466 3398 3556 impedivissent
3446 3469 3647 3550 magis
3699 3487 3877 3556 quam
3929 3488 4111 3554 expe-

574 3581 891 3649 divissent.

871 3696 1177 3767 Proxenia
1242 3704 1428 3786 igitur
1490 3707 1743 3770 honoris
1808 3705 2016 3771 titulus
2085 3714 2246 3780 erat,
2319 3701 2482 3790 quod
2546 3700 2734 3767 latine
2798 3711 2966 3767 recte
3021 3699 3251 3766 dixeris
3316 3701 3687 3791 „hospitium
3736 3699 4111 3788 publicum,“

570 3832 692 3899 quo
724 3817 967 3882 nomine
1002 3814 1259 3883 Romani
1308 3818 1587 3885 nonnulli
1639 3824 1973 3910 scriptores
2001 3818 2090 3907 ⁶⁴)
2145 3822 2327 3886 etiam
2354 3820 2418 3884 in
2450 3835 2683 3903 graeca
2727 3837 2795 3883 re
2830 3816 3231 3902 significanda
3266 3829 3544 3897 utuntur;
3589 3818 3771 3904 idque
3800 3828 3965 3883 recte
4001 3838 4111 3884 eos

779 4098 875 4173 ⁶²)
922 4103 1002 4158 Cf.
1048 4111 1164 4159 not.
1209 4109 1305 4162 69.
1491 4104 1588 4182 ⁶³)
1635 4102 1881 4165 Dukas
1940 4089 1991 4164 in
2035 4101 2235 4165 ΊἹιιιο.
2276 4106 2347 4172 11,
2389 4107 2484 4161 29.
2548 4102 2843 4184 πρόξενον
2885 4132 2955 4146 ·-
2997 4100 3105 4166 vdv
3160 4100 3484 4186 λεγόμενον
3525 4096 3689 4180 παρὰ
3729 4113 3855 4177 τοῖς
3903 4096 4113 4183 Εὐρω-

564 4200 773 4271 παίοις
827 4195 1110 4265 κόνσολα.
1193 4198 1484 4263 Boecklt.
1533 4208 1657 4262 fler.
1700 4208 1812 4264 Civ.
1856 4209 1908 4276 1,
1950 4210 2044 4266 55.
2148 4203 2405 4274 „Endlicb
2450 4204 2700 4260 duldeten
2745 4204 2829 4260 dic
2876 4205 3136 4262 llellenen
3180 4205 3315 4261 auch
3356 4207 3476 4261 eine.
3519 4208 3615 4260 Art
3652 4199 4116 4262 ffirtdelscon—

562 4294 713 4357 sula
753 4299 807 4354 in
851 4300 948 4357 der
988 4303 1194 4360 Person
1235 4303 1329 4360 des
1370 4305 1649 4364 Proxenus
1691 4309 1839 4365 eines
1876 4308 2041 4381 jeden
2094 4307 2299 4373 Staats,
2341 4306 2580 4362 welcher
2623 4306 2702 4362 als
2746 4297 3338 4386 Gesclu‘iftstrdiger
3378 4303 3663 4361 desselben
3700 4295 4120 4381 verpflichtet

564 4415 714 4467 war,
755 4401 869 4456 sich
900 4401 998 4459 der
1026 4404 1235 4478 Burger
1270 4406 1667 4477 unzunehmen,
1715 4408 1801 4466 die
1852 4427 1934 4467 am
1980 4411 2107 4465 orte
2150 4403 2498 4464 handelten.“
2602 4400 2706 4464 Id.
2765 4405 2823 4460 C.
2875 4406 2913 4460 1.
2957 4407 3004 4472 l,
3049 4423 3104 4479 p.
3128 4411 3219 4462 11.
3283 4399 3772 4482 „Unaquaeque
3810 4403 3950 4457 enim
3992 4402 4115 4456 rivi·

566 4508 648 4554 tas
690 4501 742 4556 in
790 4501 980 4558 alienis
1021 4489 1320 4561 civitatibus
1360 4505 1669 4579 potioribus
1725 4508 1906 4567 habuit
1947 4527 2103 4567 suum
2146 4515 2524 4565 curatorem
2577 4525 2643 4564 ex
2687 4509 2805 4563 eius
2862 4505 3194 4580 reipublicae
3234 4504 3469 4573 civibus,
3525 4507 3577 4562 in
3631 4521 3737 4578 qua
3784 4501 3987 4557 alienae
4046 4505 4116 4557 ci·

565 4598 739 4655 vitatis
776 4598 1133 4660 commodis
1164 4602 1539 4664 consuleret
1579 4606 1845 4665 delectum
1882 4619 1937 4667 et
1977 4609 2388 4667 constitutum.“
2468 4600 2574 4664 ld.
2615 4611 2821 4681 p.732.
2885 4617 3049 4676 „sunt
3099 4608 3152 4664 hi
3197 4606 3313 4663 fere
3362 4622 3500 4679 quos
3546 4623 3649 4664 nos
3696 4618 3949 4657 vocamus
3990 4620 4115 4658 con·

564 4697 713 4754 sules
762 4702 1120 4759 mercatorios
1163 4704 1249 4761 vel
1294 4711 1573 4777 agentes.“
1672 4704 2108 4768 Wacltsmuth.
2155 4708 2192 4764 l.
2221 4726 2269 4764 c.
2300 4761 2305 4766 ,
2335 4707 2570 4776 „Solche
2613 4706 2884 4781 Proxenoi
2920 4724 3109 4765 waren
3158 4705 3272 4762 also
3327 4704 3428 4762 den
3477 4705 3728 4776 heutigen
3767 4701 4002 4758 Consuln
4052 4720 4116 4756 zu

563 4798 961 4870 Vergleichen·“
1048 4798 1386 4862 Weaterm.
1416 4810 1587 4880 p-44.
1630 4827 2035 4884 „proxenorum
2072 4823 2268 4865 munus
2317 4808 2386 4864 ita
2433 4808 2549 4865 sere
2580 4818 2946 4882 comparatum
2997 4817 3144 4876 erat,
3187 4817 3248 4864 ut
3296 4823 3485 4864 eorum
3541 4820 3680 4876 quos
3729 4801 3889 4859 hodie
3943 4803 4115 4870 „Com
4221 4813 4226 4832 ⁴

565 4898 753 4956 sules“
802 4902 885 4958 vel
939 4907 1212 4978 „Agentes
1255 4909 1649 4966 mercatorios“
1696 4917 2007 4968 vocamus.‘·'
2198 4905 2293 4982 ⁸³)
2338 4901 2472 4965 Cic.
2514 4907 2665 4964 Verr.
2696 4909 2903 4977 lta-65.
2964 4907 3308 4976 „Decernunt
3361 4896 3735 4980 (Syracusani)
3786 4905 3962 4959 statim
4007 4901 4116 4972 pri-

566 5000 744 5068 mum,
801 5011 862 5058 ut
895 5019 1016 5060 cum
1056 5007 1222 5063 fratre
1260 5006 1317 5062 L.
1367 5000 1723 5084 hospitium
1766 5004 2034 5088 publice
2069 5005 2303 5089 fieret,
2345 5006 2492 5080 quod
2534 5007 2754 5065 eandem
2799 5008 3129 5067 voluntatem
3182 5023 3311 5081 erga
3353 5004 3720 5076 Syracusanos
3763 5002 4115 5075 suscepisset,

524 5103 529 5118 '
562 5117 718 5172 quam
757 5115 867 5176 ego·
901 5106 1473 5194 semper'habuissem.
1556 5107 1611 5164 ld
1654 5127 1761 5166 non
1790 5111 1953 5168 modo
1970 5121 2107 5204 ‘tum
2148 5112 2514 5184 scripserunt,
2571 5126 2752 5165 verum
2792 5111 2947 5166 etiam
2994 5114 3046 5169 in
3088 5127 3211 5169 aere
3253 5106 3480 5163 incisum
3521 5102 3676 5161 nobis
3715 5102 4114 5161 tradiderunt.“
