4623 5882
439 538 497 597 et
545 529 607 594 in
657 526 831 594 curia
881 523 1353 595 collocabantur
1381 521 1524 612 ²³²).
1627 523 1855 593 Verum
1891 527 2027 595 sive
2091 527 2156 593 in
2205 524 2479 615 templis,
2557 527 2691 593 sive
2755 526 2821 594 in
2871 529 3063 596 curiis
3113 527 3526 618 ponebantur,
3592 532 3655 597 in
3704 532 3982 620 utrisque

444 644 619 713 locus
671 641 1017 711 evidentior
1066 641 1633 731 (ἐπιφανέστατος
1683 640 1923 727 τόπος)
1978 639 2360 729 excipiendis
2413 641 2717 710 columnis
2771 643 3151 730 eligebatur,
3205 644 3269 712 id
3318 646 3484 735 quod
3534 646 3832 715 credibile
3886 659 3982 716 est

439 762 621 829 ctiam
675 768 803 826 tum
855 780 999 827 esse
1049 760 1276 828 factum
1295 813 1312 839 ,
1364 761 1469 828 ubi
1515 762 1575 828 in
1629 759 1879 829 decreto
1929 777 2056 827 non
2118 758 2470 824 nominatim
2544 761 2782 826 iussum
2831 770 3019 827 esset.
3114 761 3291 851 Apud
3339 762 3743 833 Athenienses
3808 764 3983 833 colu-

432 896 630 954 mnae,
678 878 744 943 in
773 875 993 964 quibus
1041 875 1295 944 decreta
1341 879 1675 967 proxeniae
1723 877 2020 963 inscripta
2070 883 2260 950 erant,
2310 875 2376 939 in
2423 893 2571 942 arce
2585 872 2728 963 ²³³),
2772 875 2836 942 id
2870 877 3052 942 estin
3084 874 3229 945 loco
3281 879 3687 971 sanctissimis
3727 881 3984 969 religio·

431 993 617 1061 nibus
667 974 1028 1062 consecrato
1080 993 1490 1081 ponebantur3
1556 994 1676 1062 huc
1718 995 1905 1080 igitur
1955 1001 2188 1080 spectat
2228 987 2390 1056 illud
2438 1011 2686 1078 quoque
2728 991 2894 1079 quod
2943 989 3418 1081 Hyperidesffl)
3494 996 3557 1091 in
3606 1000 3883 1067 oratione
3929 1014 3986 1069 c.

433 1108 763 1177 Demadem
812 1107 994 1185 dixit,
1046 1109 1284 1189 „multo
1337 1113 1597 1199 aequius
1635 1111 1774 1179 fore
1819 1121 1886 1177 ut
1933 1106 2221 1176 columna
2272 1108 2410 1174 eius
2450 1110 2514 1175 in
2548 1110 2966 1199 purgamentis
3015 1128 3197 1196 quam
3242 1120 3306 1177 ut
3359 1113 3422 1178 in
3462 1113 3705 1202 templis
3754 1117 3984 1183 nostris

434 1226 793 1296 collocetur.
807 1235 844 1261 ‘⁸
891 1267 970 1279 —-
3212 1229 3223 1239 ’
3773 1286 3780 1293 .

724 1342 1189 1433 Nonnumquam
1259 1342 1600 1433 exemplum
1672 1312 1908 1411 decreti
1977 1342 2240 1410 dabatur
2304 1343 2426 1430 ipsi
2475 1362 2752 1431 proxeno
2781 1340 2905 1427 234)
2925 1398 2940 1424 ,
2988 1354 3095 1412 aut
3142 1342 3488 1411 mittebatur
3534 1344 3614 1411 ad
3664 1349 3982 1426 civitatem,

438 1463 612 1529 cuius
685 1459 799 1528 ille
875 1461 1031 1527 civis
1094 1471 1293 1538 esset,
1368 1463 1674 1546 signatum
1726 1464 1908 1546 signo
1960 1461 2222 1528 civitatis
2262 1456 2421 1543 ²³⁶);
2470 1479 2923 1547 nonnumquam
2974 1462 3040 1528 in
3088 1460 3206 1528 hac
3255 1462 3395 1549 ipsa
3444 1460 3597 1529 urbe
3645 1464 3986 1551 ponebatur

438 1576 637 1646 altera
699 1576 986 1645 columna
1051 1596 1213 1665 quae
1283 1577 1593 1644 decretum
1665 1577 1913 1666 hospitii
1982 1575 2369 1654 continebat,
2432 1574 2575 1643 hinc
2641 1575 2803 1665 apud
2851 1573 3146 1644 lasenses
3178 1573 3302 1664 ²³⁷)
3379 1587 3682 1666 repertum
3736 1591 3831 1647 est
3876 1580 3984 1650 de-

436 1706 666 1763 cretum
713 1697 1050 1784 proxeniae
1100 1693 1180 1760 ab
1215 1692 1550 1779 Calymniis
1602 1695 1801 1762 datae.
1901 1692 2150 1760 Decreti
2185 1692 2496 1760 scribendi
2547 1703 2608 1761 et
2637 1691 2963 1761 columnae
3012 1713 3130 1762 suo
3180 1693 3326 1763 loco
3377 1693 3785 1763 collocandae
3834 1716 3987 1764 cura

344 1790 353 1805 ⁸
440 1812 505 1878 in
541 1810 735 1880 titulis
790 1812 991 1879 atticis
1043 1823 1104 1878 et
1152 1813 1217 1878 in
1267 1809 1439 1876 titulo
1471 1810 1879 1879 Minoetarum
1922 1810 2179 1895 Amorgi
2209 1804 2331 1890 ²³⁸)
2387 1809 2634 1877 scribae
2685 1820 2957 1888 senatus,
3003 1812 3070 1877 in
3094 1808 3271 1878 titulo
3304 1809 3840 1880 Geroutliratarum
3863 1809 3984 1896 ²³⁹)

435 1905 716 2018 ephoris,
787 1930 850 1995 in
899 1946 1020 1994 uno
1071 1924 1368 2014 Delphico
1400 1926 1521 2011 ²⁴⁰)
1593 1939 1651 1995 et
1700 1930 1765 1994 in
1815 1926 2207 1995 Sicinitarum
2234 1921 2357 2013 ²⁴¹)
2413 1925 2664 1996 decreto
2714 1924 3138 2017 praetoribus,
3207 1924 3370 2015 apud
3419 1925 3582 1995 alios
3631 1948 3792 1996 nunc
3841 1949 3986 2017 pry-

437 2044 682 2111 tanibus
717 2041 871 2125 ²⁴²).
925 2060 1086 2109 nunc
1137 2042 1507 2132 Hieropoeis
1544 2038 1719 2138 ²⁴³),
1769 2055 1907 2123 aut,
1985 2053 2049 2111 ut
2100 2041 2261 2132 apud
2317 2040 2645 2121 Iasenses,
2690 2041 2875 2111 modo
2928 2046 3032 2110 uni
3061 2041 3181 2130 ²⁴⁴)
3227 2047 3523 2138 νεωποίῃ
3572 2044 3754 2113 modo
3794 2046 3986 2134 pluri-

433 2160 554 2228 bus
580 2157 703 2248 ²⁴⁸)
747 2161 1149 2237 νεωποίαις,
1219 2162 1284 2226 in
1331 2158 1531 2227 Deliis
1562 2156 1684 2246 ²⁴⁸)
1737 2160 2004 2229 decretis
2082 2161 2322 2226 senatui
2373 2159 2698 2228 columnae
2747 2163 2814 2228 in
2863 2163 3040 2228 curia
3063 2212 3078 2237 ,
3130 2159 3481 2249 hieropoeis
3528 2161 3852 2230 columnae
3926 2166 3986 2230 in

431 2278 658 2367 templo
711 2276 1120 2346 collocandae
1194 2278 1430 2344 curatio
1500 2276 1976 2345 commendatur.
2025 2316 2101 2324 —
2190 2274 2536 2344 Proxeniae
2605 2275 2834 2344 tabulis
2914 2297 3089 2343 suum
3153 2279 3454 2366 cuiusque
3520 2278 3693 2347 urbis
3740 2282 3986 2365 insigne

430 2392 878 2482 adiungebatur
910 2391 1052 2475 ²⁴⁷).
1096 2434 1167 2443 —
1298 2390 1731 2481 Praeterquam
1798 2403 1999 2459 autem
2071 2391 2237 2479 quod
2311 2392 2561 2482 hospitii
2628 2392 2882 2465 decreta
2927 2392 3231 2461 columnis
3283 2393 3634 2479 siugulatim
3683 2396 3986 2465 inscribe-

433 2510 687 2591 bantur,
741 2524 947 2587 erant,
999 2508 1315 2577 nonnullis
1364 2521 1533 2576 certe
1583 2512 1648 2577 iu
1698 2509 2066 2585 civitatibus,
2112 2508 2365 2576 tabulae
2416 2509 2519 2577 vel
2568 2509 2912 2590 columnae,
2961 2512 3027 2578 in
3063 2529 3221 2599 quas
3267 2512 3529 2577 omnium
3574 2532 3986 2601 proxenorum

435 2638 496 2695 et
538 2640 967 2715 euergetarum
1018 2628 1263 2694 nomina
1298 2624 1762 2703 referebantur3
1812 2626 1936 2694 duo
1987 2630 2122 2694 eius
2176 2627 2341 2694 modi
2391 2625 2630 2694 indices
2679 2638 2939 2695 aetatem
2989 2625 3289 2704 tulerunt,
3340 2627 3503 2695 alter
3533 2627 3812 2697 Creticus
3846 2626 3987 2711 ²⁴⁸),

433 2741 594 2811 alter
639 2745 1008 2834 Anaphaeus
1040 2740 1197 2828 24’”);
1251 2741 1548 2809 eodemne
1599 2745 1678 2809 sit
1726 2745 1909 2810 etiam
1961 2742 2288 2811 Theraeus
2319 2739 2440 2829 ²⁶⁰)
2493 2743 2708 2811 titulus
2759 2742 3162 2820 referendus,
3211 2743 3480 2811 dubitari
3529 2744 3694 2814 licet.

452 2866 463 2879 '
635 2862 702 2931 9.
800 2860 1128 2950 Postquam
1198 2858 1343 2947 quid
1408 2860 1701 2948 proxenis
1769 2861 2048 2927 civitates
2128 2858 2500 2927 contulerint
2568 2861 2909 2949 expositum
2983 2871 3077 2928 est
3096 2912 3111 2938 ,
3190 2861 3309 2927 iam
3335 2854 3479 2932 'erit
3523 2861 3987 2952 explanandum,

434 2978 580 3069 quid
616 2980 963 3049 civitatibus
1014 2978 1267 3066 proxeni
1304 2976 1592 3044 codferre
1644 2974 1812 3044 soliti
1864 2979 2020 3051 sint:
2069 2975 2218 3044 nolo
2271 2979 2431 3043 euim
2484 2976 2695 3043 dicere
2745 2975 2893 3065 quid
2944 2978 3291 3054 debuerint,
3343 3000 3423 3046 ne
3463 2981 3602 3068 quis
3637 3001 3748 3049 eos
3780 2981 3991 3048 credat

432 3100 808 3165 necessitate
871 3095 1142 3161 muneris
1210 3093 1443 3160 secisse
1463 3145 1479 3168 ,
1556 3110 1718 3180 quae
1782 3090 1967 3159 officii
1990 3144 2006 3170 ,
2074 3112 2238 3181 quae
2303 3092 2769 3161 consuetudinis
2834 3094 3057 3162 rationi
3125 3078 3468 3164 tribuerint.
3570 3095 3728 3163 Tria
3789 3109 3992 3165 autem

431 3211 657 3281 Pollux
685 3212 807 3300 ²⁸¹)
851 3222 1315 3280 commemorat:
1368 3211 1474 3297 qui
1523 3209 1840 3275 venissent
1889 3228 1967 3275 ex
2014 3228 2094 3277 ea
2144 3211 2406 3287 civitate,
2460 3213 2639 3278 cuius
2689 3230 3002 3298 proxenus
3029 3262 3044 3288 ,
3099 3211 3164 3277 in
3214 3229 3351 3277 eam
3386 3215 3563 3279 cuius
3594 3216 3749 3281 civis
3801 3225 3985 3293 esset,

430 3331 510 3399 iis
556 3328 884 3419 hospitium
933 3347 1070 3395 eum
1116 3345 1494 3416 procurasse
1556 3326 1690 3393 sive
1740 3324 2006 3414 hospitio
2058 3346 2172 3394 eos
2224 3329 2582 3415 excepisse,
2631 3337 2757 3394 tum
2800 3326 3029 3395 aditum
3078 3328 3172 3395 eis
3222 3327 3302 3395 ad
3349 3329 3557 3422 populi
3611 3332 3986 3410 concionem,

434 3491 576 3570 νιᾶν
615 3487 980 3575 γράψαντας
1037 3490 1125 3566 εἰς
1173 3484 1456 3571 χᾶλκωμα
1521 3484 1833 3569 ἀναθέμεν
1887 3482 2009 3575 ὅπῃ
2061 3513 2139 3553 κα
2194 3491 2352 3571 donn·
2404 3486 2777 3572 προβούλοις
2828 3493 3153 3572 προδίκοις
3191 3499 3537 3573 στραταγοίς
3578 3498 3776 3568 καλοῖς
3813 3497 3984 3577 ἔχειν.

436 3594 494 3652 ln
520 3594 748 3670 reliquis
775 3594 1000 3667 Corcyr.
1026 3592 1195 3649 titulis
1234 3592 1530 3664 proxeniae
1571 3591 1892 3647 omittuntur
1912 3599 2219 3666 praetores.
2260 3592 2318 3649 ln
2350 3591 2554 3649 decret.
2589 3591 2792 3650 luscus.
2821 3596 2997 3652 2676.
3034 3599 3119 3649 est
3159 3586 3354 3657 τόπον
3396 3592 3459 3657 δὲ
3497 3592 3807 3674 ἀποδείξαι
3846 3591 3989 3673 τούς

441 3689 779 3772 προστάτας
813 3688 955 3770 τὸ[ν
1011 3686 1555 3772 ἔπιφανὲστ[ατον,
1613 3685 1803 3770 ὅτι]ου
1846 3686 1916 3755 τὸ
1960 3688 2258 3773 ψήφισμα
2298 3682 2814 3775 ἆναγραφήσεται.
3036 3691 3176 3770 ²⁸²)
3234 3692 3311 3751 lta
3353 3694 3409 3750 in
3457 3693 3623 3753 Deliis
3674 3697 3845 3755 titulis
3890 3714 3985 3756 no.

440 3797 597 3852 2268
642 3811 726 3868 sq.
772 3803 892 3852 est:
953 3789 1312 3875 ἀναγράψαι
1363 3786 1432 3856 τό
1473 3786 1771 3870 ψήφισμα
1819 3789 1949 3882 τήν·
1977 3792 2089 3870 μὲν
2128 3788 2360 3874 βουλὴν
2403 3794 2491 3869 εἰς
2533 3789 2597 3856 td
2640 3783 3080 3872 βουλευτήριον
3117 3789 3265 3880 τούς
3303 3791 3370 3858 δὲ
3413 3791 3758 3876 ἷεροποιοῦς
3794 3799 3889 3873 εἰς·
3915 3797 3983 3864 τᾶ

437 3889 631 3974 lugdu,
707 3895 850 3952 ldem
887 3893 1109 3953 iubetur
1134 3896 1191 3952 in
1226 3894 1382 3970 titulo
1401 3894 1755 3952 llinoetarum
1787 3896 2044 3969 Amorgi3
2085 3895 2289 3952 chnut.
2305 3901 2460 3977 222..
2623 3893 2892 3970 ²²⁸)”Cs.
2936 3896 2994 3951 C.
3017 3894 3063 3952 1.
3107 3911 3202 3951 no.
3232 3895 3329 3953 84.
3362 3898 3462 3953 87·
3638 3894 3765 3974 ²⁸⁴)
3808 3900 3984 3977 Hype-

438 3994 591 4053 rides
645 4011 734 4070 ap.
776 3991 1011 4074 Ham.
1052 4011 1103 4051 v.
1157 3990 1496 4073 ὄξοθῦμιαε
1549 3994 1686 4072 περὶ
1724 3979 1805 4057 οὗ
1842 3997 2047 4076 πολλῷ
2085 3989 2165 4058 ὃν
2208 3991 2590 4074 δικαιότερον
2635 3992 2705 4059 ἂν
2756 4000 2883 4069 τοῖς
2925 3985 3293 4072 ὄξυθυμίοις
3345 3987 3389 4078 ἦ
3444 3991 3682 4076 στήλη
3731 3995 3990 4084 σταθέἱιι

435 4091 484 4178 ἢ
521 4095 554 4162 ἒ
568 4118 606 4159 ν
641 4100 810 4170 τοῖς
854 4092 1283 4175 ἦμετέροις
1323 4096 1597 4174 ἱεροῖς.
1675 4093 1862 4168 Neque
1904 4095 2046 4151 euim
2087 4095 2251 4163 haec,
2292 4095 2350 4151 id
2392 4094 2540 4168 quod
2582 4088 2982 4171 Kiesslingo
3043 4094 3139 4171 (de
3181 4095 3441 4172 Hyperld.
3485 4106 3622 4154 orat.
3671 4099 3874 4159 Comm.
3920 4105 3984 4162 ll.

439 4214 493 4272 p.
515 4195 636 4272 19.)
674 4194 904 4270 placuit,
945 4195 1011 4252 ud
1052 4195 1338 4253 Demadem
1379 4195 1475 4251 sed
1517 4194 1582 4251 nd
1627 4194 2001 4267 Euthycratem
2046 4204 2326 4269 spectant,
2372 4196 2458 4252 cui
2499 4195 2761 4258 Demades
2803 4196 3118 4270 proxeniam
3170 4196 3314 4271 apud
3355 4196 3619 4271 populum
3661 4204 3868 4275 rogavit
3887 4236 3984 4260 --.

445 4297 569 4374 ⁸⁸²)
612 4298 724 4354 Cic.
766 4295 921 4352 Verr.
957 4295 1037 4362 Ν,
1078 4296 1175 4354 65.
1220 4287 1485 4354 Gruter.
1528 4313 1583 4371 p.
1614 4299 1751 4352 400.
1922 4293 2048 4372 ²²⁶)
2096 4294 2177 4380 Cis.
2218 4295 2417 4352 Tenios
2448 4294 2590 4352 titul.
2636 4312 2725 4352 no.
2767 4297 2928 4352 2229
2953 4311 3037 4369 sq.
3081 4305 3140 4354 et
3180 4295 3492 4370 Delphicum
3551 4313 3639 4372 ap.
3700 4295 3982 4363 mriclu.

441 4397 479 4466 l,
519 4401 614 4456 67.
697 4396 757 4453 ln
800 4394 1028 4451 nem-eto
1081 4394 1435 4452 llinoetarum
1476 4395 1730 4468 Amorgi,
1786 4396 1934 4469 quod
1992 4392 2197 4456 Rosa.
2262 4394 2432 4453 edidit
2490 4397 2545 4454 in
2600 4388 2799 4457 Gerlt.
2842 4397 2989 4453 [liar.
3031 4398 3193 4455 Arch.
3250 4396 3478 4469 legiturx
3540 4389 3708 4474 ὅπως
3764 4399 3829 4463 δὲ
3880 4404 3985 4465 ‚2012

434 4492 675 4562 Ῥόδιοι
709 4496 1003 4576 Ξπιγναῖσι
1039 4489 1113 4557 τὰ
1146 4493 1532 4575 ἐψηφισμένα
1569 4497 1736 4574 τίμια
1775 4500 1866 4574 τῷ
1900 4497 2114 4583 πολίτῃ
2157 4488 2367 4559 αὐτῶν
2412 4491 2724 4580 Νικολάῳ,
2789 4492 2823 4558 ὁ
2869 4491 3250 4579 γραμηατεῦς
3309 4499 3424 4573 τῆς
3456 4496 3689 4579 βουλῆς
3735 4499 3983 4578 διαπεμ-

441 4592 673 4674 φάσθω
714 4597 800 4671 εἰς
829 4588 1065 4659 Ῥόδον
1103 4589 1482 4678 α’ντίγραφον
1524 4596 1703 4660 τοῦδε
1740 4601 1856 4658 τοῦ
1891 4602 2289 4677 ψηφίσματος
2331 4596 2814 4679 ἐσφραγισμένων
2854 4603 2944 4683 τῇ·
2973 4599 3234 4690 δηηοσίᾳ
3277 4599 3584 4679 σφραγῖδι.
3635 4638 3648 4644 -
3750 4602 3875 4678 ²⁸²)
3921 4605 3979 4660 C.

440 4702 483 4760 1.
522 4715 617 4756 no.
655 4702 829 4758 2671.
1048 4695 1177 4775 ²⁸⁸)
1217 4699 1255 4754 Ι.
1297 4717 1347 4756 c.
1388 4701 1499 4778 τῆς
1537 4694 1604 4760 δὲ
1640 4690 2007 4778 α’ναγραφῆς
2044 4696 2463 4779 προνοηθήτω
2520 4695 2556 4760 ὅ
2596 4692 2979 4781 γραμματεῦς
3025 4701 3138 4775 τῆς
3176 4697 3425 4777 βουλῆς.
3669 4700 3795 4776 *44)
3837 4703 3895 4760 C.
3937 4707 3977 4762 l.

440 4819 535 4862 no.
582 4802 757 4860 133⁴.
929 4798 1066 4875 ²⁸⁰)
1114 4792 1396 4859 Ulrt'clis.
1439 4819 1493 4874 p.
1511 4802 1607 4859 67.
1790 4799 1916 4875 ²⁴¹)
1965 4799 2024 4855 C.
2070 4799 2109 4855 1.
2150 4803 2325 4868 2447,
2368 4799 2423 4856 b.
2628 4799 2768 4877 ²⁴²)
2811 4799 2936 4857 ibid.
2980 4800 3152 4866 2264,
3195 4797 3248 4853 b.
3288 4802 3460 4867 2379,
3503 4818 3550 4856 c.
3735 4803 3861 4881 ²⁴2)
3906 4806 3978 4862 ih.

446 4904 622 4971 m,
665 4919 714 4958 a.
879 4899 1018 4977 ²⁸⁸)
1062 4899 1133 4957 ih.
1172 4901 1469 4973 2675sqq.
1715 4897 1851 4975 ι44)
1894 4898 1969 4955 ib.
2011 4903 2187 4959 2678.
2432 4901 2567 4976 ⁸⁴⁸)
2612 4898 2685 4969 il).
2726 4903 2899 4958 2267.
3019 4898 3093 4955 ib.
3133 4902 3311 4957 2269.
3469 4897 3604 4975 ²¹⁷)
3647 4894 3978 4979 Antigone,

443 4996 700 5084 Caryst-
729 5000 916 5060 cdiv.
961 5019 1026 5060 ex
1078 5000 1290 5059 emend.
1332 4998 1651 5060 Locellae
1698 5003 1753 5057 in
1803 4993 2105 5075 Xenoph.
2156 4995 2399 5078 Ephes.
2445 5018 2500 5076 p.
2542 5001 2612 5059 51
2646 5018 2732 5075 sq.
2781 4999 2880 5063 ἐπὶ
2923 5002 3048 5062 τῶν
3089 5000 3424 5081 προξενιῶν
3470 5002 3593 5063 τῶν
3629 4994 3978 5084 α’ναγραφο-

446 5101 646 5178 pinon
682 5096 753 5165 τό
792 5100 1158 5183 παράσημον
1193 5106 1308 5182 τῆς
1344 5091 1613 5176 πόλεως,
1664 5100 1944 5180 καθάπερ
2002 5097 2164 5163 ἔστὶν
2203 5099 2425 5180 ἔθιμον
2478 5106 2626 5167 πᾶσι
2679 5098 3115 5179 παρατιθέναι,
3189 5097 3532 5180 γράφονται
3571 5100 3685 5166 δύο
3723 5099 3979 5184 κόρακες

445 5198 541 5280 ἔφ’
576 5197 837 5279 ἄμωμος
876 5207 1119 5285 χαλκοῦ.
1209 5199 1346 5271 *44)
1395 5200 1512 5258 (1.1.
1537 5202 1709 5260 2⁵50.
1844 5199 1982 5276 ²⁴⁹)
2025 5200 2100 5258 ib.
2126 5202 2367 5272 2477,c.
2492 5199 2630 5278 ²⁸⁰)
2647 5199 2721 5258 ih.
2742 5201 2913 5268 2450.
3062 5200 3201 5274 ²⁵¹)
3234 5200 3407 5258 Verba
3438 5204 3598 5277 posui
3621 5221 3676 5277 p.
3701 5210 3757 5260 2.
3777 5214 3889 5261 not.
3917 5209 3974 5264 7.

3154 5299 3194 5357 7
